%YAML 1.1
%TAG !u! tag:unity3d.com,2011:
--- !u!29 &1
OcclusionCullingSettings:
  m_ObjectHideFlags: 0
  serializedVersion: 2
  m_OcclusionBakeSettings:
    smallestOccluder: 5
    smallestHole: 0.25
    backfaceThreshold: 100
  m_SceneGUID: 00000000000000000000000000000000
  m_OcclusionCullingData: {fileID: 0}
--- !u!104 &2
RenderSettings:
  m_ObjectHideFlags: 0
  serializedVersion: 9
  m_Fog: 0
  m_FogColor: {r: 0.5, g: 0.5, b: 0.5, a: 1}
  m_FogMode: 3
  m_FogDensity: 0.01
  m_LinearFogStart: 0
  m_LinearFogEnd: 300
  m_AmbientSkyColor: {r: 0.212, g: 0.227, b: 0.259, a: 1}
  m_AmbientEquatorColor: {r: 0.114, g: 0.125, b: 0.133, a: 1}
  m_AmbientGroundColor: {r: 0.047, g: 0.043, b: 0.035, a: 1}
  m_AmbientIntensity: 1
  m_AmbientMode: 0
  m_SubtractiveShadowColor: {r: 0.42, g: 0.478, b: 0.627, a: 1}
  m_SkyboxMaterial: {fileID: 10304, guid: 0000000000000000f000000000000000, type: 0}
  m_HaloStrength: 0.5
  m_FlareStrength: 1
  m_FlareFadeSpeed: 3
  m_HaloTexture: {fileID: 0}
  m_SpotCookie: {fileID: 10001, guid: 0000000000000000e000000000000000, type: 0}
  m_DefaultReflectionMode: 0
  m_DefaultReflectionResolution: 128
  m_ReflectionBounces: 1
  m_ReflectionIntensity: 1
  m_CustomReflection: {fileID: 0}
  m_Sun: {fileID: 0}
  m_IndirectSpecularColor: {r: 0, g: 0, b: 0, a: 1}
  m_UseRadianceAmbientProbe: 0
--- !u!157 &3
LightmapSettings:
  m_ObjectHideFlags: 0
  serializedVersion: 11
  m_GIWorkflowMode: 1
  m_GISettings:
    serializedVersion: 2
    m_BounceScale: 1
    m_IndirectOutputScale: 1
    m_AlbedoBoost: 1
    m_EnvironmentLightingMode: 0
    m_EnableBakedLightmaps: 1
    m_EnableRealtimeLightmaps: 1
  m_LightmapEditorSettings:
    serializedVersion: 12
    m_Resolution: 2
    m_BakeResolution: 40
    m_AtlasSize: 1024
    m_AO: 0
    m_AOMaxDistance: 1
    m_CompAOExponent: 1
    m_CompAOExponentDirect: 0
    m_ExtractAmbientOcclusion: 0
    m_Padding: 2
    m_LightmapParameters: {fileID: 0}
    m_LightmapsBakeMode: 1
    m_TextureCompression: 1
    m_FinalGather: 0
    m_FinalGatherFiltering: 1
    m_FinalGatherRayCount: 256
    m_ReflectionCompression: 2
    m_MixedBakeMode: 2
    m_BakeBackend: 1
    m_PVRSampling: 1
    m_PVRDirectSampleCount: 32
    m_PVRSampleCount: 512
    m_PVRBounces: 2
    m_PVREnvironmentSampleCount: 256
    m_PVREnvironmentReferencePointCount: 2048
    m_PVRFilteringMode: 1
    m_PVRDenoiserTypeDirect: 1
    m_PVRDenoiserTypeIndirect: 1
    m_PVRDenoiserTypeAO: 1
    m_PVRFilterTypeDirect: 0
    m_PVRFilterTypeIndirect: 0
    m_PVRFilterTypeAO: 0
    m_PVREnvironmentMIS: 1
    m_PVRCulling: 1
    m_PVRFilteringGaussRadiusDirect: 1
    m_PVRFilteringGaussRadiusIndirect: 5
    m_PVRFilteringGaussRadiusAO: 2
    m_PVRFilteringAtrousPositionSigmaDirect: 0.5
    m_PVRFilteringAtrousPositionSigmaIndirect: 2
    m_PVRFilteringAtrousPositionSigmaAO: 1
    m_ExportTrainingData: 0
    m_TrainingDataDestination: TrainingData
  m_LightingDataAsset: {fileID: 0}
  m_UseShadowmask: 1
--- !u!196 &4
NavMeshSettings:
  serializedVersion: 2
  m_ObjectHideFlags: 0
  m_BuildSettings:
    serializedVersion: 2
    agentTypeID: 0
    agentRadius: 0.5
    agentHeight: 2
    agentSlope: 45
    agentClimb: 0.4
    ledgeDropHeight: 0
    maxJumpAcrossDistance: 0
    minRegionArea: 2
    manualCellSize: 0
    cellSize: 0.16666667
    manualTileSize: 0
    tileSize: 256
    accuratePlacement: 0
    debug:
      m_Flags: 0
  m_NavMeshData: {fileID: 0}
--- !u!1 &84387939
GameObject:
  m_ObjectHideFlags: 0
  m_CorrespondingSourceObject: {fileID: 0}
  m_PrefabInstance: {fileID: 0}
  m_PrefabAsset: {fileID: 0}
  serializedVersion: 6
  m_Component:
  - component: {fileID: 84387940}
  m_Layer: 0
  m_Name: SpawnLocation
  m_TagString: Untagged
  m_Icon: {fileID: 0}
  m_NavMeshLayer: 0
  m_StaticEditorFlags: 0
  m_IsActive: 1
--- !u!4 &84387940
Transform:
  m_ObjectHideFlags: 0
  m_CorrespondingSourceObject: {fileID: 0}
  m_PrefabInstance: {fileID: 0}
  m_PrefabAsset: {fileID: 0}
  m_GameObject: {fileID: 84387939}
  m_LocalRotation: {x: 0, y: 0, z: 0, w: 1}
  m_LocalPosition: {x: -0.37, y: 0, z: 0.51}
  m_LocalScale: {x: 1, y: 1, z: 1}
  m_Children: []
  m_Father: {fileID: 668722573}
  m_RootOrder: 0
  m_LocalEulerAnglesHint: {x: 0, y: 0, z: 0}
--- !u!1 &103829974
GameObject:
  m_ObjectHideFlags: 0
  m_CorrespondingSourceObject: {fileID: 0}
  m_PrefabInstance: {fileID: 0}
  m_PrefabAsset: {fileID: 0}
  serializedVersion: 6
  m_Component:
  - component: {fileID: 103829979}
  - component: {fileID: 103829978}
  - component: {fileID: 103829977}
  - component: {fileID: 103829976}
  - component: {fileID: 103829975}
  m_Layer: 8
  m_Name: Wall
  m_TagString: Untagged
  m_Icon: {fileID: 0}
  m_NavMeshLayer: 0
  m_StaticEditorFlags: 0
  m_IsActive: 1
--- !u!64 &103829975
MeshCollider:
  m_ObjectHideFlags: 0
  m_CorrespondingSourceObject: {fileID: 0}
  m_PrefabInstance: {fileID: 0}
  m_PrefabAsset: {fileID: 0}
  m_GameObject: {fileID: 103829974}
  m_Material: {fileID: 0}
  m_IsTrigger: 0
  m_Enabled: 1
  serializedVersion: 3
  m_Convex: 0
  m_CookingOptions: 14
  m_Mesh: {fileID: 555419026}
--- !u!114 &103829976
MonoBehaviour:
  m_ObjectHideFlags: 0
  m_CorrespondingSourceObject: {fileID: 0}
  m_PrefabInstance: {fileID: 0}
  m_PrefabAsset: {fileID: 0}
  m_GameObject: {fileID: 103829974}
  m_Enabled: 1
  m_EditorHideFlags: 0
  m_Script: {fileID: 11500000, guid: 8233d90336aea43098adf6dbabd606a2, type: 3}
  m_Name: 
  m_EditorClassIdentifier: 
  m_MeshFormatVersion: 1
  m_Faces:
  - m_Indexes: 000000000100000002000000010000000300000002000000
    m_SmoothingGroup: 0
    m_Uv:
      m_UseWorldSpace: 0
      m_FlipU: 0
      m_FlipV: 0
      m_SwapUV: 0
      m_Fill: 1
      m_Scale: {x: 1, y: 1}
      m_Offset: {x: 0, y: 0}
      m_Rotation: 0
      m_Anchor: 9
    m_Material: {fileID: 0}
    m_SubmeshIndex: 0
    m_ManualUV: 0
    elementGroup: -1
    m_TextureGroup: -1
  - m_Indexes: 040000000500000006000000050000000700000006000000
    m_SmoothingGroup: 0
    m_Uv:
      m_UseWorldSpace: 0
      m_FlipU: 0
      m_FlipV: 0
      m_SwapUV: 0
      m_Fill: 1
      m_Scale: {x: 1, y: 1}
      m_Offset: {x: 0, y: 0}
      m_Rotation: 0
      m_Anchor: 9
    m_Material: {fileID: 0}
    m_SubmeshIndex: 0
    m_ManualUV: 0
    elementGroup: -1
    m_TextureGroup: -1
  - m_Indexes: 08000000090000000a0000000b000000080000000a000000
    m_SmoothingGroup: 0
    m_Uv:
      m_UseWorldSpace: 0
      m_FlipU: 0
      m_FlipV: 0
      m_SwapUV: 0
      m_Fill: 1
      m_Scale: {x: 1, y: 1}
      m_Offset: {x: 0, y: 0}
      m_Rotation: 0
      m_Anchor: 9
    m_Material: {fileID: 2100000, guid: c22777d6e868e4f2fb421913386b154e, type: 2}
    m_SubmeshIndex: 0
    m_ManualUV: 0
    elementGroup: 0
    m_TextureGroup: 1
  - m_Indexes: 0c0000000d0000000e0000000f0000000c0000000e000000
    m_SmoothingGroup: 0
    m_Uv:
      m_UseWorldSpace: 0
      m_FlipU: 0
      m_FlipV: 0
      m_SwapUV: 0
      m_Fill: 1
      m_Scale: {x: 1, y: 1}
      m_Offset: {x: 0, y: 0}
      m_Rotation: 0
      m_Anchor: 9
    m_Material: {fileID: 2100000, guid: c22777d6e868e4f2fb421913386b154e, type: 2}
    m_SubmeshIndex: 0
    m_ManualUV: 0
    elementGroup: 0
    m_TextureGroup: 1
  - m_Indexes: 130000001100000012000000130000001000000011000000
    m_SmoothingGroup: 0
    m_Uv:
      m_UseWorldSpace: 0
      m_FlipU: 0
      m_FlipV: 0
      m_SwapUV: 0
      m_Fill: 1
      m_Scale: {x: 1, y: 1}
      m_Offset: {x: 0, y: 0}
      m_Rotation: 0
      m_Anchor: 9
    m_Material: {fileID: 2100000, guid: c22777d6e868e4f2fb421913386b154e, type: 2}
    m_SubmeshIndex: 0
    m_ManualUV: 0
    elementGroup: 0
    m_TextureGroup: -1
  - m_Indexes: 170000001500000016000000170000001400000015000000
    m_SmoothingGroup: 0
    m_Uv:
      m_UseWorldSpace: 0
      m_FlipU: 0
      m_FlipV: 0
      m_SwapUV: 0
      m_Fill: 1
      m_Scale: {x: 1, y: 1}
      m_Offset: {x: 0, y: 0}
      m_Rotation: 0
      m_Anchor: 9
    m_Material: {fileID: 2100000, guid: c22777d6e868e4f2fb421913386b154e, type: 2}
    m_SubmeshIndex: 0
    m_ManualUV: 0
    elementGroup: 0
    m_TextureGroup: 2
  - m_Indexes: 1a0000001b00000018000000190000001a00000018000000
    m_SmoothingGroup: 0
    m_Uv:
      m_UseWorldSpace: 0
      m_FlipU: 0
      m_FlipV: 0
      m_SwapUV: 0
      m_Fill: 1
      m_Scale: {x: 1, y: 1}
      m_Offset: {x: 0, y: 0}
      m_Rotation: 0
      m_Anchor: 9
    m_Material: {fileID: 2100000, guid: c22777d6e868e4f2fb421913386b154e, type: 2}
    m_SubmeshIndex: 0
    m_ManualUV: 0
    elementGroup: 0
    m_TextureGroup: 3
  - m_Indexes: 1e0000001f0000001c0000001d0000001e0000001c000000
    m_SmoothingGroup: 0
    m_Uv:
      m_UseWorldSpace: 0
      m_FlipU: 0
      m_FlipV: 0
      m_SwapUV: 0
      m_Fill: 1
      m_Scale: {x: 1, y: 1}
      m_Offset: {x: 0, y: 0}
      m_Rotation: 0
      m_Anchor: 9
    m_Material: {fileID: 2100000, guid: c22777d6e868e4f2fb421913386b154e, type: 2}
    m_SubmeshIndex: 0
    m_ManualUV: 0
    elementGroup: 0
    m_TextureGroup: 3
  - m_Indexes: 230000002100000022000000230000002000000021000000
    m_SmoothingGroup: 0
    m_Uv:
      m_UseWorldSpace: 0
      m_FlipU: 0
      m_FlipV: 0
      m_SwapUV: 0
      m_Fill: 1
      m_Scale: {x: 1, y: 1}
      m_Offset: {x: 0, y: 0}
      m_Rotation: 0
      m_Anchor: 9
    m_Material: {fileID: 2100000, guid: c22777d6e868e4f2fb421913386b154e, type: 2}
    m_SubmeshIndex: 0
    m_ManualUV: 0
    elementGroup: 0
    m_TextureGroup: 4
  - m_Indexes: 270000002500000026000000270000002400000025000000
    m_SmoothingGroup: 0
    m_Uv:
      m_UseWorldSpace: 0
      m_FlipU: 0
      m_FlipV: 0
      m_SwapUV: 0
      m_Fill: 1
      m_Scale: {x: 1, y: 1}
      m_Offset: {x: 0, y: 0}
      m_Rotation: 0
      m_Anchor: 9
    m_Material: {fileID: 2100000, guid: c22777d6e868e4f2fb421913386b154e, type: 2}
    m_SubmeshIndex: 0
    m_ManualUV: 0
    elementGroup: 0
    m_TextureGroup: 4
  - m_Indexes: 28000000290000002a000000290000002b0000002a000000
    m_SmoothingGroup: 0
    m_Uv:
      m_UseWorldSpace: 0
      m_FlipU: 0
      m_FlipV: 0
      m_SwapUV: 0
      m_Fill: 1
      m_Scale: {x: 1, y: 1}
      m_Offset: {x: 0, y: 0}
      m_Rotation: 0
      m_Anchor: 9
    m_Material: {fileID: 0}
    m_SubmeshIndex: 0
    m_ManualUV: 0
    elementGroup: -1
    m_TextureGroup: -1
  - m_Indexes: 2c0000002d0000002e0000002d0000002f0000002e000000
    m_SmoothingGroup: 0
    m_Uv:
      m_UseWorldSpace: 0
      m_FlipU: 0
      m_FlipV: 0
      m_SwapUV: 0
      m_Fill: 1
      m_Scale: {x: 1, y: 1}
      m_Offset: {x: 0, y: 0}
      m_Rotation: 0
      m_Anchor: 9
    m_Material: {fileID: 0}
    m_SubmeshIndex: 0
    m_ManualUV: 0
    elementGroup: -1
    m_TextureGroup: -1
  - m_Indexes: 300000003100000032000000310000003300000032000000
    m_SmoothingGroup: 0
    m_Uv:
      m_UseWorldSpace: 0
      m_FlipU: 0
      m_FlipV: 0
      m_SwapUV: 0
      m_Fill: 1
      m_Scale: {x: 1, y: 1}
      m_Offset: {x: 0, y: 0}
      m_Rotation: 0
      m_Anchor: 9
    m_Material: {fileID: 0}
    m_SubmeshIndex: 0
    m_ManualUV: 0
    elementGroup: -1
    m_TextureGroup: -1
  - m_Indexes: 340000003500000036000000350000003700000036000000
    m_SmoothingGroup: 0
    m_Uv:
      m_UseWorldSpace: 0
      m_FlipU: 0
      m_FlipV: 0
      m_SwapUV: 0
      m_Fill: 1
      m_Scale: {x: 1, y: 1}
      m_Offset: {x: 0, y: 0}
      m_Rotation: 0
      m_Anchor: 9
    m_Material: {fileID: 0}
    m_SubmeshIndex: 0
    m_ManualUV: 0
    elementGroup: -1
    m_TextureGroup: -1
  m_SharedVertices:
  - m_Vertices: 000000000d00000026000000
  - m_Vertices: 01000000250000003100000034000000
  - m_Vertices: 100000003300000036000000
  - m_Vertices: 020000000e0000001d000000
  - m_Vertices: 030000001e0000002d00000030000000
  - m_Vertices: 130000002f00000032000000
  - m_Vertices: 040000001500000020000000
  - m_Vertices: 050000000800000023000000
  - m_Vertices: 06000000160000001b000000
  - m_Vertices: 070000000b00000018000000
  - m_Vertices: 090000000c0000002200000027000000
  - m_Vertices: 0a0000000f000000190000001c000000
  - m_Vertices: 110000002a00000037000000
  - m_Vertices: 1400000021000000240000002800000035000000
  - m_Vertices: 120000002b0000002e000000
  - m_Vertices: 170000001a0000001f000000290000002c000000
  m_SharedTextures: []
  m_Positions:
  - {x: 5, y: 0, z: 0}
  - {x: 5, y: 0, z: -1}
  - {x: 5, y: 3, z: 0}
  - {x: 5, y: 3, z: -1}
  - {x: -7, y: 0, z: -1}
  - {x: -7, y: 0, z: 0}
  - {x: -7, y: 3, z: -1}
  - {x: -7, y: 3, z: 0}
  - {x: -7, y: 0, z: 0}
  - {x: 4, y: 0, z: 0}
  - {x: 4, y: 3, z: 0}
  - {x: -7, y: 3, z: 0}
  - {x: 4, y: 0, z: 0}
  - {x: 5, y: 0, z: 0}
  - {x: 5, y: 3, z: 0}
  - {x: 4, y: 3, z: 0}
  - {x: 5, y: 0, z: -8}
  - {x: 4, y: 0, z: -8}
  - {x: 4, y: 3, z: -8}
  - {x: 5, y: 3, z: -8}
  - {x: 4, y: 0, z: -1}
  - {x: -7, y: 0, z: -1}
  - {x: -7, y: 3, z: -1}
  - {x: 4, y: 3, z: -1}
  - {x: -7, y: 3, z: 0}
  - {x: 4, y: 3, z: 0}
  - {x: 4, y: 3, z: -1}
  - {x: -7, y: 3, z: -1}
  - {x: 4, y: 3, z: 0}
  - {x: 5, y: 3, z: 0}
  - {x: 5, y: 3, z: -1}
  - {x: 4, y: 3, z: -1}
  - {x: -7, y: 0, z: -1}
  - {x: 4, y: 0, z: -1}
  - {x: 4, y: 0, z: 0}
  - {x: -7, y: 0, z: 0}
  - {x: 4, y: 0, z: -1}
  - {x: 5, y: 0, z: -1}
  - {x: 5, y: 0, z: 0}
  - {x: 4, y: 0, z: 0}
  - {x: 4, y: 0, z: -1}
  - {x: 4, y: 3, z: -1}
  - {x: 4, y: 0, z: -8}
  - {x: 4, y: 3, z: -8}
  - {x: 4, y: 3, z: -1}
  - {x: 5, y: 3, z: -1}
  - {x: 4, y: 3, z: -8}
  - {x: 5, y: 3, z: -8}
  - {x: 5, y: 3, z: -1}
  - {x: 5, y: 0, z: -1}
  - {x: 5, y: 3, z: -8}
  - {x: 5, y: 0, z: -8}
  - {x: 5, y: 0, z: -1}
  - {x: 4, y: 0, z: -1}
  - {x: 5, y: 0, z: -8}
  - {x: 4, y: 0, z: -8}
  m_Textures0:
  - {x: 0, y: 0}
  - {x: -1, y: 0}
  - {x: 0, y: 3}
  - {x: -1, y: 3}
  - {x: 1, y: 0}
  - {x: 0, y: 0}
  - {x: 1, y: 3}
  - {x: 0, y: 3}
  - {x: 7, y: 0}
  - {x: -4, y: 0}
  - {x: -4, y: 3}
  - {x: 7, y: 3}
  - {x: -4, y: 0}
  - {x: -5, y: 0}
  - {x: -5, y: 3}
  - {x: -4, y: 3}
  - {x: 5, y: 0}
  - {x: 4, y: 0}
  - {x: 4, y: 3}
  - {x: 5, y: 3}
  - {x: 4, y: 0}
  - {x: -7, y: 0}
  - {x: -7, y: 3}
  - {x: 4, y: 3}
  - {x: -7, y: 0}
  - {x: 4, y: 0}
  - {x: 4, y: -1}
  - {x: -7, y: -1}
  - {x: 4, y: 0}
  - {x: 5, y: 0}
  - {x: 5, y: -1}
  - {x: 4, y: -1}
  - {x: 7, y: -1}
  - {x: -4, y: -1}
  - {x: -4, y: 0}
  - {x: 7, y: 0}
  - {x: -4, y: -1}
  - {x: -5, y: -1}
  - {x: -5, y: 0}
  - {x: -4, y: 0}
  - {x: 1, y: 0}
  - {x: 1, y: 3}
  - {x: 8, y: 0}
  - {x: 8, y: 3}
  - {x: 4, y: -1}
  - {x: 5, y: -1}
  - {x: 4, y: -8}
  - {x: 5, y: -8}
  - {x: -1, y: 3}
  - {x: -1, y: 0}
  - {x: -8, y: 3}
  - {x: -8, y: 0}
  - {x: -5, y: -1}
  - {x: -4, y: -1}
  - {x: -5, y: -8}
  - {x: -4, y: -8}
  m_Textures2: []
  m_Textures3: []
  m_Tangents:
  - {x: 0, y: 0, z: 1, w: -1}
  - {x: 0, y: 0, z: 1, w: -1}
  - {x: 0, y: 0, z: 1, w: -1}
  - {x: 0, y: 0, z: 1, w: -1}
  - {x: 0, y: 0, z: -1, w: -1}
  - {x: 0, y: 0, z: -1, w: -1}
  - {x: 0, y: 0, z: -1, w: -1}
  - {x: 0, y: 0, z: -1, w: -1}
  - {x: -1, y: 0, z: 0, w: -1}
  - {x: -1, y: 0, z: 0, w: -1}
  - {x: -1, y: 0, z: 0, w: -1}
  - {x: -1, y: 0, z: 0, w: -1}
  - {x: -1, y: 0, z: 0, w: -1}
  - {x: -1, y: 0, z: 0, w: -1}
  - {x: -1, y: 0, z: 0, w: -1}
  - {x: -1, y: 0, z: 0, w: -1}
  - {x: 1, y: 0, z: 0, w: -1}
  - {x: 1, y: 0, z: 0, w: -1}
  - {x: 1, y: 0, z: 0, w: -1}
  - {x: 1, y: 0, z: 0, w: -1}
  - {x: 1, y: 0, z: 0, w: -1}
  - {x: 1, y: 0, z: 0, w: -1}
  - {x: 1, y: 0, z: 0, w: -1}
  - {x: 1, y: 0, z: 0, w: -1}
  - {x: 1, y: 0, z: 0, w: -1}
  - {x: 1, y: 0, z: 0, w: -1}
  - {x: 1, y: 0, z: 0, w: -1}
  - {x: 1, y: 0, z: 0, w: -1}
  - {x: 1, y: 0, z: 0, w: -1}
  - {x: 1, y: 0, z: 0, w: -1}
  - {x: 1, y: 0, z: 0, w: -1}
  - {x: 1, y: 0, z: 0, w: -1}
  - {x: -1, y: 0, z: 0, w: -1}
  - {x: -1, y: 0, z: 0, w: -1}
  - {x: -1, y: 0, z: 0, w: -1}
  - {x: -1, y: 0, z: 0, w: -1}
  - {x: -1, y: 0, z: 0, w: -1}
  - {x: -1, y: 0, z: 0, w: -1}
  - {x: -1, y: 0, z: 0, w: -1}
  - {x: -1, y: 0, z: 0, w: -1}
  - {x: 0, y: 0, z: -1, w: -1}
  - {x: 0, y: 0, z: -1, w: -1}
  - {x: 0, y: 0, z: -1, w: -1}
  - {x: 0, y: 0, z: -1, w: -1}
  - {x: 1, y: 0, z: 0, w: -1}
  - {x: 1, y: 0, z: 0, w: -1}
  - {x: 1, y: 0, z: 0, w: -1}
  - {x: 1, y: 0, z: 0, w: -1}
  - {x: 0, y: 0, z: 1, w: -1}
  - {x: 0, y: 0, z: 1, w: -1}
  - {x: 0, y: 0, z: 1, w: -1}
  - {x: 0, y: 0, z: 1, w: -1}
  - {x: -1, y: 0, z: 0, w: -1}
  - {x: -1, y: 0, z: 0, w: -1}
  - {x: -1, y: 0, z: 0, w: -1}
  - {x: -1, y: 0, z: 0, w: -1}
  m_Colors: []
  m_UnwrapParameters:
    m_HardAngle: 88
    m_PackMargin: 20
    m_AngleError: 8
    m_AreaError: 15
  m_PreserveMeshAssetOnDestroy: 0
  assetGuid: 
  m_IsSelectable: 1
  m_SelectedFaces: 06000000
  m_SelectedEdges:
  - a: 26
    b: 27
  - a: 27
    b: 24
  - a: 25
    b: 26
  - a: 24
    b: 25
  m_SelectedVertices: 1a0000001b0000001800000019000000
--- !u!23 &103829977
MeshRenderer:
  m_ObjectHideFlags: 0
  m_CorrespondingSourceObject: {fileID: 0}
  m_PrefabInstance: {fileID: 0}
  m_PrefabAsset: {fileID: 0}
  m_GameObject: {fileID: 103829974}
  m_Enabled: 1
  m_CastShadows: 1
  m_ReceiveShadows: 1
  m_DynamicOccludee: 1
  m_MotionVectors: 1
  m_LightProbeUsage: 1
  m_ReflectionProbeUsage: 1
  m_RenderingLayerMask: 1
  m_RendererPriority: 0
  m_Materials:
  - {fileID: 2100000, guid: c22777d6e868e4f2fb421913386b154e, type: 2}
  m_StaticBatchInfo:
    firstSubMesh: 0
    subMeshCount: 0
  m_StaticBatchRoot: {fileID: 0}
  m_ProbeAnchor: {fileID: 0}
  m_LightProbeVolumeOverride: {fileID: 0}
  m_ScaleInLightmap: 1
  m_ReceiveGI: 1
  m_PreserveUVs: 0
  m_IgnoreNormalsForChartDetection: 0
  m_ImportantGI: 0
  m_StitchLightmapSeams: 1
  m_SelectedEditorRenderState: 2
  m_MinimumChartSize: 4
  m_AutoUVMaxDistance: 0.5
  m_AutoUVMaxAngle: 89
  m_LightmapParameters: {fileID: 0}
  m_SortingLayerID: 0
  m_SortingLayer: 0
  m_SortingOrder: 0
--- !u!33 &103829978
MeshFilter:
  m_ObjectHideFlags: 0
  m_CorrespondingSourceObject: {fileID: 0}
  m_PrefabInstance: {fileID: 0}
  m_PrefabAsset: {fileID: 0}
  m_GameObject: {fileID: 103829974}
  m_Mesh: {fileID: 555419026}
--- !u!4 &103829979
Transform:
  m_ObjectHideFlags: 0
  m_CorrespondingSourceObject: {fileID: 0}
  m_PrefabInstance: {fileID: 0}
  m_PrefabAsset: {fileID: 0}
  m_GameObject: {fileID: 103829974}
  m_LocalRotation: {x: 0, y: 0, z: 0, w: 1}
  m_LocalPosition: {x: -15, y: 1, z: -14}
  m_LocalScale: {x: 1, y: 1, z: 1}
  m_Children: []
  m_Father: {fileID: 0}
  m_RootOrder: 5
  m_LocalEulerAnglesHint: {x: 0, y: 0, z: 0}
--- !u!1 &105683114
GameObject:
  m_ObjectHideFlags: 0
  m_CorrespondingSourceObject: {fileID: 0}
  m_PrefabInstance: {fileID: 0}
  m_PrefabAsset: {fileID: 0}
  serializedVersion: 6
  m_Component:
  - component: {fileID: 105683116}
  - component: {fileID: 105683115}
  m_Layer: 0
  m_Name: Directional Light
  m_TagString: Untagged
  m_Icon: {fileID: 0}
  m_NavMeshLayer: 0
  m_StaticEditorFlags: 0
  m_IsActive: 1
--- !u!108 &105683115
Light:
  m_ObjectHideFlags: 0
  m_CorrespondingSourceObject: {fileID: 0}
  m_PrefabInstance: {fileID: 0}
  m_PrefabAsset: {fileID: 0}
  m_GameObject: {fileID: 105683114}
  m_Enabled: 1
  serializedVersion: 9
  m_Type: 1
  m_Color: {r: 1, g: 0.95686275, b: 0.8392157, a: 1}
  m_Intensity: 1
  m_Range: 10
  m_SpotAngle: 30
  m_InnerSpotAngle: 21.80208
  m_CookieSize: 10
  m_Shadows:
    m_Type: 2
    m_Resolution: -1
    m_CustomResolution: -1
    m_Strength: 1
    m_Bias: 0.05
    m_NormalBias: 0.4
    m_NearPlane: 0.2
    m_CullingMatrixOverride:
      e00: 1
      e01: 0
      e02: 0
      e03: 0
      e10: 0
      e11: 1
      e12: 0
      e13: 0
      e20: 0
      e21: 0
      e22: 1
      e23: 0
      e30: 0
      e31: 0
      e32: 0
      e33: 1
    m_UseCullingMatrixOverride: 0
  m_Cookie: {fileID: 0}
  m_DrawHalo: 0
  m_Flare: {fileID: 0}
  m_RenderMode: 0
  m_CullingMask:
    serializedVersion: 2
    m_Bits: 4294967295
  m_RenderingLayerMask: 1
  m_Lightmapping: 4
  m_LightShadowCasterMode: 0
  m_AreaSize: {x: 1, y: 1}
  m_BounceIntensity: 1
  m_ColorTemperature: 6570
  m_UseColorTemperature: 0
  m_BoundingSphereOverride: {x: 0, y: 0, z: 0, w: 0}
  m_UseBoundingSphereOverride: 0
  m_ShadowRadius: 0
  m_ShadowAngle: 0
--- !u!4 &105683116
Transform:
  m_ObjectHideFlags: 0
  m_CorrespondingSourceObject: {fileID: 0}
  m_PrefabInstance: {fileID: 0}
  m_PrefabAsset: {fileID: 0}
  m_GameObject: {fileID: 105683114}
  m_LocalRotation: {x: 0.8126895, y: -0.08519996, z: 0.21032956, w: 0.5366921}
  m_LocalPosition: {x: 0, y: 3, z: 0}
  m_LocalScale: {x: 1, y: 1, z: 1}
  m_Children: []
  m_Father: {fileID: 0}
  m_RootOrder: 2
  m_LocalEulerAnglesHint: {x: 65.253006, y: 143.25801, z: 167.96501}
--- !u!43 &386936062
Mesh:
  m_ObjectHideFlags: 0
  m_CorrespondingSourceObject: {fileID: 0}
  m_PrefabInstance: {fileID: 0}
  m_PrefabAsset: {fileID: 0}
  m_Name: pb_Mesh44640
  serializedVersion: 10
  m_SubMeshes:
  - serializedVersion: 2
    firstByte: 0
    indexCount: 36
    topology: 0
    baseVertex: 0
    firstVertex: 0
    vertexCount: 24
    localAABB:
      m_Center: {x: -1.5, y: 0.5, z: -7}
      m_Extent: {x: 24.5, y: 0.5, z: 24}
  m_Shapes:
    vertices: []
    shapes: []
    channels: []
    fullWeights: []
  m_BindPose: []
  m_BoneNameHashes: 
  m_RootBoneNameHash: 0
  m_BonesAABB: []
  m_VariableBoneCountWeights:
    m_Data: 
  m_MeshCompression: 0
  m_IsReadable: 1
  m_KeepVertices: 1
  m_KeepIndices: 1
  m_IndexFormat: 0
  m_IndexBuffer: 000001000200010003000200040005000600050007000600080009000a0009000b000a000c000d000e000d000f000e00100011001200110013001200140015001600150017001600
  m_VertexData:
    serializedVersion: 3
    m_VertexCount: 24
    m_Channels:
    - stream: 0
      offset: 0
      format: 0
      dimension: 3
    - stream: 0
      offset: 12
      format: 0
      dimension: 3
    - stream: 0
      offset: 24
      format: 0
      dimension: 4
    - stream: 0
      offset: 0
      format: 0
      dimension: 0
    - stream: 0
      offset: 40
      format: 0
      dimension: 2
    - stream: 0
      offset: 0
      format: 0
      dimension: 0
    - stream: 0
      offset: 0
      format: 0
      dimension: 0
    - stream: 0
      offset: 0
      format: 0
      dimension: 0
    - stream: 0
      offset: 0
      format: 0
      dimension: 0
    - stream: 0
      offset: 0
      format: 0
      dimension: 0
    - stream: 0
      offset: 0
      format: 0
      dimension: 0
    - stream: 0
      offset: 0
      format: 0
      dimension: 0
    - stream: 0
      offset: 0
      format: 0
      dimension: 0
    - stream: 0
      offset: 0
      format: 0
      dimension: 0
    m_DataSize: 1152
    _typelessdata: 0000d0c1000000000000884100000000000000000000803f000080bf0000000000000000000080bf0000d041000000000000b841000000000000884100000000000000000000803f000080bf0000000000000000000080bf0000b8c1000000000000d0c10000803f0000884100000000000000000000803f000080bf0000000000000000000080bf0000d0410000803f0000b8410000803f0000884100000000000000000000803f000080bf0000000000000000000080bf0000b8c10000803f0000b84100000000000088410000803f000000000000000000000000000000000000803f000080bf00008841000000000000b841000000000000f8c10000803f000000000000000000000000000000000000803f000080bf0000f8c1000000000000b8410000803f000088410000803f000000000000000000000000000000000000803f000080bf000088410000803f0000b8410000803f0000f8c10000803f000000000000000000000000000000000000803f000080bf0000f8c10000803f0000b841000000000000f8c10000000000000000000080bf0000803f0000000000000000000080bf0000b841000000000000d0c1000000000000f8c10000000000000000000080bf0000803f0000000000000000000080bf0000d0c1000000000000b8410000803f0000f8c10000000000000000000080bf0000803f0000000000000000000080bf0000b8410000803f0000d0c10000803f0000f8c10000000000000000000080bf0000803f0000000000000000000080bf0000d0c10000803f0000d0c1000000000000f8c1000080bf00000000000000000000000000000000000080bf000080bf0000f841000000000000d0c10000000000008841000080bf00000000000000000000000000000000000080bf000080bf000088c1000000000000d0c10000803f0000f8c1000080bf00000000000000000000000000000000000080bf000080bf0000f8410000803f0000d0c10000803f00008841000080bf00000000000000000000000000000000000080bf000080bf000088c10000803f0000d0c10000803f00008841000000000000803f000000000000803f0000000000000000000080bf0000d0c1000088410000b8410000803f00008841000000000000803f000000000000803f0000000000000000000080bf0000b841000088410000d0c10000803f0000f8c1000000000000803f000000000000803f0000000000000000000080bf0000d0c10000f8c10000b8410000803f0000f8c1000000000000803f000000000000803f0000000000000000000080bf0000b8410000f8c10000d0c1000000000000f8c100000000000080bf00000000000080bf0000000000000000000080bf0000d0410000f8c10000b841000000000000f8c100000000000080bf00000000000080bf0000000000000000000080bf0000b8c10000f8c10000d0c1000000000000884100000000000080bf00000000000080bf0000000000000000000080bf0000d041000088410000b841000000000000884100000000000080bf00000000000080bf0000000000000000000080bf0000b8c100008841
  m_CompressedMesh:
    m_Vertices:
      m_NumItems: 0
      m_Range: 0
      m_Start: 0
      m_Data: 
      m_BitSize: 0
    m_UV:
      m_NumItems: 0
      m_Range: 0
      m_Start: 0
      m_Data: 
      m_BitSize: 0
    m_Normals:
      m_NumItems: 0
      m_Range: 0
      m_Start: 0
      m_Data: 
      m_BitSize: 0
    m_Tangents:
      m_NumItems: 0
      m_Range: 0
      m_Start: 0
      m_Data: 
      m_BitSize: 0
    m_Weights:
      m_NumItems: 0
      m_Data: 
      m_BitSize: 0
    m_NormalSigns:
      m_NumItems: 0
      m_Data: 
      m_BitSize: 0
    m_TangentSigns:
      m_NumItems: 0
      m_Data: 
      m_BitSize: 0
    m_FloatColors:
      m_NumItems: 0
      m_Range: 0
      m_Start: 0
      m_Data: 
      m_BitSize: 0
    m_BoneIndices:
      m_NumItems: 0
      m_Data: 
      m_BitSize: 0
    m_Triangles:
      m_NumItems: 0
      m_Data: 
      m_BitSize: 0
    m_UVInfo: 0
  m_LocalAABB:
    m_Center: {x: -1.5, y: 0.5, z: -7}
    m_Extent: {x: 24.5, y: 0.5, z: 24}
  m_MeshUsageFlags: 0
  m_BakedConvexCollisionMesh: 
  m_BakedTriangleCollisionMesh: 
  m_MeshMetrics[0]: 1
  m_MeshMetrics[1]: 1
  m_MeshOptimizationFlags: 1
  m_StreamData:
    offset: 0
    size: 0
    path: 
--- !u!43 &555419026
Mesh:
  m_ObjectHideFlags: 0
  m_CorrespondingSourceObject: {fileID: 0}
  m_PrefabInstance: {fileID: 0}
  m_PrefabAsset: {fileID: 0}
  m_Name: pb_Mesh44556
  serializedVersion: 10
  m_SubMeshes:
  - serializedVersion: 2
    firstByte: 0
    indexCount: 84
    topology: 0
    baseVertex: 0
    firstVertex: 0
    vertexCount: 44
    localAABB:
      m_Center: {x: -1, y: 1.5, z: -4}
      m_Extent: {x: 6, y: 1.5, z: 4}
  m_Shapes:
    vertices: []
    shapes: []
    channels: []
    fullWeights: []
  m_BindPose: []
  m_BoneNameHashes: 
  m_RootBoneNameHash: 0
  m_BonesAABB: []
  m_VariableBoneCountWeights:
    m_Data: 
  m_MeshCompression: 0
  m_IsReadable: 1
  m_KeepVertices: 1
  m_KeepIndices: 1
  m_IndexFormat: 0
  m_IndexBuffer: 000001000200010003000200040005000600050007000600080009000a000b0008000a0009000c000d000a0009000d000e000f0010000e0011000f001200130014001200150013001600170018001900160018001a00160019001b001a0019001c001d001e001c001f001d001e00200021001e001d00200022002300240023002500240016001a0026001a002700260003000100280001002900280020001d002a001d002b002a00
  m_VertexData:
    serializedVersion: 3
    m_VertexCount: 44
    m_Channels:
    - stream: 0
      offset: 0
      format: 0
      dimension: 3
    - stream: 0
      offset: 12
      format: 0
      dimension: 3
    - stream: 0
      offset: 24
      format: 0
      dimension: 4
    - stream: 0
      offset: 0
      format: 0
      dimension: 0
    - stream: 0
      offset: 40
      format: 0
      dimension: 2
    - stream: 0
      offset: 0
      format: 0
      dimension: 0
    - stream: 0
      offset: 0
      format: 0
      dimension: 0
    - stream: 0
      offset: 0
      format: 0
      dimension: 0
    - stream: 0
      offset: 0
      format: 0
      dimension: 0
    - stream: 0
      offset: 0
      format: 0
      dimension: 0
    - stream: 0
      offset: 0
      format: 0
      dimension: 0
    - stream: 0
      offset: 0
      format: 0
      dimension: 0
    - stream: 0
      offset: 0
      format: 0
      dimension: 0
    - stream: 0
      offset: 0
      format: 0
      dimension: 0
    m_DataSize: 2112
    _typelessdata: 0000a04000000000000000000000803f000000000000000000000000000000000000803f000080bf00000000000000000000a04000000000000080bf0000803f000000000000000000000000000000000000803f000080bf000080bf000000000000a04000004040000000000000803f000000000000000000000000000000000000803f000080bf00000000000040400000a04000004040000080bf0000803f000000000000000000000000000000000000803f000080bf000080bf000040400000e0c000000000000080bf000080bf00000000000000000000000000000000000080bf000080bf0000803f000000000000e0c00000000000000000000080bf00000000000000000000000000000000000080bf000080bf00000000000000000000e0c000004040000080bf000080bf00000000000000000000000000000000000080bf000080bf0000803f000040400000e0c00000404000000000000080bf00000000000000000000000000000000000080bf000080bf00000000000040400000e0c0000000000000000000000000000000000000803f000080bf0000000000000000000080bf0000e0400000000000008040000000000000000000000000000000000000803f000080bf0000000000000000000080bf000080c00000000000008040000040400000000000000000000000000000803f000080bf0000000000000000000080bf000080c0000040400000e0c0000040400000000000000000000000000000803f000080bf0000000000000000000080bf0000e040000040400000a040000000000000000000000000000000000000803f000080bf0000000000000000000080bf0000a0c0000000000000a040000040400000000000000000000000000000803f000080bf0000000000000000000080bf0000a0c0000040400000a04000004040000000c10000000000000000000080bf0000803f0000000000000000000080bf0000a040000040400000804000000000000000c10000000000000000000080bf0000803f0000000000000000000080bf00008040000000000000804000004040000000c10000000000000000000080bf0000803f0000000000000000000080bf00008040000040400000a04000000000000000c10000000000000000000080bf0000803f0000000000000000000080bf0000a040000000000000804000004040000080bf0000000000000000000080bf0000803f0000000000000000000080bf00008040000040400000e0c000000000000080bf0000000000000000000080bf0000803f0000000000000000000080bf0000e0c0000000000000e0c000004040000080bf0000000000000000000080bf0000803f0000000000000000000080bf0000e0c0000040400000804000000000000080bf0000000000000000000080bf0000803f0000000000000000000080bf00008040000000000000804000004040000080bf000000000000803f000000000000803f0000000000000000000080bf00008040000080bf0000e0c000004040000080bf000000000000803f000000000000803f0000000000000000000080bf0000e0c0000080bf0000e0c00000404000000000000000000000803f000000000000803f0000000000000000000080bf0000e0c000000000000080400000404000000000000000000000803f000000000000803f0000000000000000000080bf00008040000000000000a04000004040000080bf000000000000803f000000000000803f0000000000000000000080bf0000a040000080bf0000a0400000404000000000000000000000803f000000000000803f0000000000000000000080bf0000a040000000000000e0c0000000000000000000000000000080bf00000000000080bf0000000000000000000080bf0000e040000000000000804000000000000080bf00000000000080bf00000000000080bf0000000000000000000080bf000080c0000080bf00008040000000000000000000000000000080bf00000000000080bf0000000000000000000080bf000080c0000000000000e0c000000000000080bf00000000000080bf00000000000080bf0000000000000000000080bf0000e040000080bf0000a04000000000000080bf00000000000080bf00000000000080bf0000000000000000000080bf0000a0c0000080bf0000a040000000000000000000000000000080bf00000000000080bf0000000000000000000080bf0000a0c0000000000000804000000000000080bf000080bf00000000000000000000000000000000000080bf000080bf0000803f000000000000804000004040000080bf000080bf00000000000000000000000000000000000080bf000080bf0000803f000040400000804000000000000000c1000080bf00000000000000000000000000000000000080bf000080bf00000041000000000000804000004040000000c1000080bf00000000000000000000000000000000000080bf000080bf00000041000040400000804000004040000000c1000000000000803f000000000000803f0000000000000000000080bf00008040000000c10000a04000004040000000c1000000000000803f000000000000803f0000000000000000000080bf0000a040000000c10000a04000004040000000c10000803f000000000000000000000000000000000000803f000080bf000000c1000040400000a04000000000000000c10000803f000000000000000000000000000000000000803f000080bf000000c1000000000000a04000000000000000c100000000000080bf00000000000080bf0000000000000000000080bf0000a0c0000000c10000804000000000000000c100000000000080bf00000000000080bf0000000000000000000080bf000080c0000000c1
  m_CompressedMesh:
    m_Vertices:
      m_NumItems: 0
      m_Range: 0
      m_Start: 0
      m_Data: 
      m_BitSize: 0
    m_UV:
      m_NumItems: 0
      m_Range: 0
      m_Start: 0
      m_Data: 
      m_BitSize: 0
    m_Normals:
      m_NumItems: 0
      m_Range: 0
      m_Start: 0
      m_Data: 
      m_BitSize: 0
    m_Tangents:
      m_NumItems: 0
      m_Range: 0
      m_Start: 0
      m_Data: 
      m_BitSize: 0
    m_Weights:
      m_NumItems: 0
      m_Data: 
      m_BitSize: 0
    m_NormalSigns:
      m_NumItems: 0
      m_Data: 
      m_BitSize: 0
    m_TangentSigns:
      m_NumItems: 0
      m_Data: 
      m_BitSize: 0
    m_FloatColors:
      m_NumItems: 0
      m_Range: 0
      m_Start: 0
      m_Data: 
      m_BitSize: 0
    m_BoneIndices:
      m_NumItems: 0
      m_Data: 
      m_BitSize: 0
    m_Triangles:
      m_NumItems: 0
      m_Data: 
      m_BitSize: 0
    m_UVInfo: 0
  m_LocalAABB:
    m_Center: {x: -1, y: 1.5, z: -4}
    m_Extent: {x: 6, y: 1.5, z: 4}
  m_MeshUsageFlags: 0
  m_BakedConvexCollisionMesh: 
  m_BakedTriangleCollisionMesh: 
  m_MeshMetrics[0]: 1
  m_MeshMetrics[1]: 1
  m_MeshOptimizationFlags: 1
  m_StreamData:
    offset: 0
    size: 0
    path: 
--- !u!1 &668722570
GameObject:
  m_ObjectHideFlags: 0
  m_CorrespondingSourceObject: {fileID: 0}
  m_PrefabInstance: {fileID: 0}
  m_PrefabAsset: {fileID: 0}
  serializedVersion: 6
  m_Component:
  - component: {fileID: 668722573}
  - component: {fileID: 668722572}
  - component: {fileID: 668722571}
  m_Layer: 0
  m_Name: MeshSkin
  m_TagString: Untagged
  m_Icon: {fileID: 0}
  m_NavMeshLayer: 0
  m_StaticEditorFlags: 0
  m_IsActive: 1
--- !u!23 &668722571
MeshRenderer:
  m_ObjectHideFlags: 0
  m_CorrespondingSourceObject: {fileID: 0}
  m_PrefabInstance: {fileID: 0}
  m_PrefabAsset: {fileID: 0}
  m_GameObject: {fileID: 668722570}
  m_Enabled: 1
  m_CastShadows: 1
  m_ReceiveShadows: 1
  m_DynamicOccludee: 1
  m_MotionVectors: 1
  m_LightProbeUsage: 1
  m_ReflectionProbeUsage: 1
  m_RenderingLayerMask: 1
  m_RendererPriority: 0
  m_Materials:
  - {fileID: 10303, guid: 0000000000000000f000000000000000, type: 0}
  m_StaticBatchInfo:
    firstSubMesh: 0
    subMeshCount: 0
  m_StaticBatchRoot: {fileID: 0}
  m_ProbeAnchor: {fileID: 0}
  m_LightProbeVolumeOverride: {fileID: 0}
  m_ScaleInLightmap: 1
  m_ReceiveGI: 1
  m_PreserveUVs: 0
  m_IgnoreNormalsForChartDetection: 0
  m_ImportantGI: 0
  m_StitchLightmapSeams: 1
  m_SelectedEditorRenderState: 3
  m_MinimumChartSize: 4
  m_AutoUVMaxDistance: 0.5
  m_AutoUVMaxAngle: 89
  m_LightmapParameters: {fileID: 0}
  m_SortingLayerID: 0
  m_SortingLayer: 0
  m_SortingOrder: 0
--- !u!33 &668722572
MeshFilter:
  m_ObjectHideFlags: 0
  m_CorrespondingSourceObject: {fileID: 0}
  m_PrefabInstance: {fileID: 0}
  m_PrefabAsset: {fileID: 0}
  m_GameObject: {fileID: 668722570}
  m_Mesh: {fileID: 10208, guid: 0000000000000000e000000000000000, type: 0}
--- !u!4 &668722573
Transform:
  m_ObjectHideFlags: 0
  m_CorrespondingSourceObject: {fileID: 0}
  m_PrefabInstance: {fileID: 0}
  m_PrefabAsset: {fileID: 0}
  m_GameObject: {fileID: 668722570}
  m_LocalRotation: {x: 0, y: 0, z: 0, w: 1}
  m_LocalPosition: {x: 0, y: 1, z: 0}
  m_LocalScale: {x: 1, y: 1, z: 1}
  m_Children:
  - {fileID: 84387940}
  m_Father: {fileID: 1395747228}
  m_RootOrder: 0
  m_LocalEulerAnglesHint: {x: 0, y: 0, z: 0}
--- !u!1 &793910619
GameObject:
  m_ObjectHideFlags: 0
  m_CorrespondingSourceObject: {fileID: 0}
  m_PrefabInstance: {fileID: 0}
  m_PrefabAsset: {fileID: 0}
  serializedVersion: 6
  m_Component:
  - component: {fileID: 793910621}
  - component: {fileID: 793910620}
  m_Layer: 0
  m_Name: AnimatorTest
  m_TagString: Untagged
  m_Icon: {fileID: 0}
  m_NavMeshLayer: 0
  m_StaticEditorFlags: 0
  m_IsActive: 1
--- !u!95 &793910620
Animator:
  serializedVersion: 3
  m_ObjectHideFlags: 0
  m_CorrespondingSourceObject: {fileID: 0}
  m_PrefabInstance: {fileID: 0}
  m_PrefabAsset: {fileID: 0}
  m_GameObject: {fileID: 793910619}
  m_Enabled: 1
  m_Avatar: {fileID: 0}
  m_Controller: {fileID: 9100000, guid: 88c6bda55d85ca04bb38456ee2207ff9, type: 2}
  m_CullingMode: 0
  m_UpdateMode: 0
  m_ApplyRootMotion: 0
  m_LinearVelocityBlending: 0
  m_WarningMessage: 
  m_HasTransformHierarchy: 1
  m_AllowConstantClipSamplingOptimization: 1
  m_KeepAnimatorControllerStateOnDisable: 0
--- !u!4 &793910621
Transform:
  m_ObjectHideFlags: 0
  m_CorrespondingSourceObject: {fileID: 0}
  m_PrefabInstance: {fileID: 0}
  m_PrefabAsset: {fileID: 0}
  m_GameObject: {fileID: 793910619}
  m_LocalRotation: {x: 0, y: 0, z: 0, w: 1}
  m_LocalPosition: {x: -14.462641, y: 5.1595526, z: -17.37812}
  m_LocalScale: {x: 1, y: 1, z: 1}
  m_Children: []
  m_Father: {fileID: 0}
  m_RootOrder: 4
  m_LocalEulerAnglesHint: {x: 0, y: 0, z: 0}
--- !u!1 &1352460701
GameObject:
  m_ObjectHideFlags: 0
  m_CorrespondingSourceObject: {fileID: 0}
  m_PrefabInstance: {fileID: 0}
  m_PrefabAsset: {fileID: 0}
  serializedVersion: 6
  m_Component:
  - component: {fileID: 1352460702}
  - component: {fileID: 1352460706}
  - component: {fileID: 1352460705}
  - component: {fileID: 1352460704}
  - component: {fileID: 1352460703}
  m_Layer: 0
  m_Name: CameraBrain
  m_TagString: MainCamera
  m_Icon: {fileID: 0}
  m_NavMeshLayer: 0
  m_StaticEditorFlags: 0
  m_IsActive: 1
--- !u!4 &1352460702
Transform:
  m_ObjectHideFlags: 0
  m_CorrespondingSourceObject: {fileID: 0}
  m_PrefabInstance: {fileID: 0}
  m_PrefabAsset: {fileID: 0}
  m_GameObject: {fileID: 1352460701}
  m_LocalRotation: {x: 0.000000014901161, y: -0.99825424, z: -0.059063766, w: -0.00000023841858}
  m_LocalPosition: {x: 7.265538, y: -7.993952, z: 28.61519}
  m_LocalScale: {x: 1, y: 1, z: 1}
  m_Children: []
  m_Father: {fileID: 1768346534}
  m_RootOrder: 0
  m_LocalEulerAnglesHint: {x: 0, y: 0, z: 0}
--- !u!114 &1352460703
MonoBehaviour:
  m_ObjectHideFlags: 0
  m_CorrespondingSourceObject: {fileID: 0}
  m_PrefabInstance: {fileID: 0}
  m_PrefabAsset: {fileID: 0}
  m_GameObject: {fileID: 1352460701}
  m_Enabled: 1
  m_EditorHideFlags: 0
  m_Script: {fileID: 11500000, guid: 72ece51f2901e7445ab60da3685d6b5f, type: 3}
  m_Name: 
  m_EditorClassIdentifier: 
  m_ShowDebugText: 0
  m_ShowCameraFrustum: 1
  m_IgnoreTimeScale: 0
  m_WorldUpOverride: {fileID: 0}
  m_UpdateMethod: 1
  m_DefaultBlend:
    m_Style: 0
    m_Time: 0
    m_CustomCurve:
      serializedVersion: 2
      m_Curve: []
      m_PreInfinity: 2
      m_PostInfinity: 2
      m_RotationOrder: 4
  m_CustomBlends: {fileID: 0}
  m_CameraCutEvent:
    m_PersistentCalls:
      m_Calls: []
    m_TypeName: Cinemachine.CinemachineBrain+BrainEvent, Cinemachine, Version=0.0.0.0,
      Culture=neutral, PublicKeyToken=null
  m_CameraActivatedEvent:
    m_PersistentCalls:
      m_Calls: []
    m_TypeName: Cinemachine.CinemachineBrain+VcamActivatedEvent, Cinemachine, Version=0.0.0.0,
      Culture=neutral, PublicKeyToken=null
--- !u!114 &1352460704
MonoBehaviour:
  m_ObjectHideFlags: 0
  m_CorrespondingSourceObject: {fileID: 0}
  m_PrefabInstance: {fileID: 0}
  m_PrefabAsset: {fileID: 0}
  m_GameObject: {fileID: 1352460701}
  m_Enabled: 1
  m_EditorHideFlags: 0
  m_Script: {fileID: 11500000, guid: 1bd978d1fb5a4b847a0b2343f75d4e8c, type: 3}
  m_Name: 
  m_EditorClassIdentifier: 
  brain: {fileID: 1352460703}
  cinemachineSwitches:
  - switchName: '0: VirtualCameraManager_Player'
    virtualCameraManager: {fileID: 11400000, guid: a38d4559797fc7542afc557bce75155f,
      type: 2}
    switchPriority: 0
    cameraSpawnLocation: {fileID: 1768346534}
    activeCamera: 1
  - switchName: '1: VirtualCameraManager_Menu'
    virtualCameraManager: {fileID: 11400000, guid: 9752e0622c64f8642bed519eb0120094,
      type: 2}
    switchPriority: 1
    cameraSpawnLocation: {fileID: 1768346534}
    activeCamera: 0
  defaultSwitch: 0
--- !u!124 &1352460705
Behaviour:
  m_ObjectHideFlags: 0
  m_CorrespondingSourceObject: {fileID: 0}
  m_PrefabInstance: {fileID: 0}
  m_PrefabAsset: {fileID: 0}
  m_GameObject: {fileID: 1352460701}
  m_Enabled: 1
--- !u!20 &1352460706
Camera:
  m_ObjectHideFlags: 0
  m_CorrespondingSourceObject: {fileID: 0}
  m_PrefabInstance: {fileID: 0}
  m_PrefabAsset: {fileID: 0}
  m_GameObject: {fileID: 1352460701}
  m_Enabled: 1
  serializedVersion: 2
  m_ClearFlags: 2
  m_BackGroundColor: {r: 0.5188679, g: 0.5188679, b: 0.5188679, a: 0}
  m_projectionMatrixMode: 1
  m_GateFitMode: 2
  m_FOVAxisMode: 0
  m_SensorSize: {x: 36, y: 24}
  m_LensShift: {x: 0, y: 0}
  m_FocalLength: 50
  m_NormalizedViewPortRect:
    serializedVersion: 2
    x: 0
    y: 0
    width: 1
    height: 1
  near clip plane: 0.1
  far clip plane: 5000
  field of view: 70
  orthographic: 0
  orthographic size: 5
  m_Depth: -1
  m_CullingMask:
    serializedVersion: 2
    m_Bits: 4294967295
  m_RenderingPath: -1
  m_TargetTexture: {fileID: 0}
  m_TargetDisplay: 0
  m_TargetEye: 3
  m_HDR: 1
  m_AllowMSAA: 1
  m_AllowDynamicResolution: 0
  m_ForceIntoRT: 0
  m_OcclusionCulling: 1
  m_StereoConvergence: 10
  m_StereoSeparation: 0.022
--- !u!1 &1395747221
GameObject:
  m_ObjectHideFlags: 0
  m_CorrespondingSourceObject: {fileID: 0}
  m_PrefabInstance: {fileID: 0}
  m_PrefabAsset: {fileID: 0}
  serializedVersion: 6
  m_Component:
  - component: {fileID: 1395747228}
  - component: {fileID: 1395747227}
  - component: {fileID: 1395747226}
  - component: {fileID: 1395747225}
  - component: {fileID: 1395747224}
  - component: {fileID: 1395747223}
  - component: {fileID: 1395747222}
  m_Layer: 0
  m_Name: UnitWanderAndFollow
  m_TagString: Untagged
  m_Icon: {fileID: 0}
  m_NavMeshLayer: 0
  m_StaticEditorFlags: 0
  m_IsActive: 1
--- !u!114 &1395747222
MonoBehaviour:
  m_ObjectHideFlags: 0
  m_CorrespondingSourceObject: {fileID: 0}
  m_PrefabInstance: {fileID: 0}
  m_PrefabAsset: {fileID: 0}
  m_GameObject: {fileID: 1395747221}
  m_Enabled: 1
  m_EditorHideFlags: 0
  m_Script: {fileID: 11500000, guid: e1f90ba81799e9e4797a4282afc748d9, type: 3}
  m_Name: 
  m_EditorClassIdentifier: 
  triggerType: 0
  detectZones:
  - zoneName: PlayerDetect
    overrideZoneName: 0
    overrideLabel: 0
    overrideDetectMask: 0
    detectMask:
      serializedVersion: 2
      m_Bits: 2048
    ignoreTriggerColliders: 1
    overrideDetectType: 0
    detectType: 0
    colliderToUse: {fileID: 0}
    overridePositionType: 0
    positionType: 0
    trans: {fileID: 0}
    worldPos: {x: 0, y: 0, z: 0}
    offset: {x: 0, y: 0, z: 0}
    size: {x: 0, y: 0, z: 0}
    useTransformAngle: 0
    angle: {x: 0, y: 0, z: 0}
    radius: 9.96
    height: 0
    overrideColor: 0
    debugColor: {r: 0.65065813, g: 1, b: 0, a: 1}
    handlePoint: {x: 0, y: 0, z: 0}
  - zoneName: AttackRange
    overrideZoneName: 0
    overrideLabel: 0
    overrideDetectMask: 0
    detectMask:
      serializedVersion: 2
      m_Bits: 2048
    ignoreTriggerColliders: 1
    overrideDetectType: 0
    detectType: 0
    colliderToUse: {fileID: 0}
    overridePositionType: 0
    positionType: 0
    trans: {fileID: 0}
    worldPos: {x: 0, y: 0, z: 0}
    offset: {x: 0, y: 0, z: 0}
    size: {x: 0, y: 0, z: 0}
    useTransformAngle: 0
    angle: {x: 0, y: 0, z: 0}
    radius: 2
    height: 0
    overrideColor: 0
    debugColor: {r: 1, g: 0, b: 0.052129745, a: 1}
    handlePoint: {x: 0, y: 0, z: 0}
  preTriggers: []
  triggers:
  - triggerName: Trigger 0 | PlayerDetect | OnStay
    triggerType: 1
    detectZoneInd: 0
    onStayOption: 0
    repeatDelay: 0
    input:
      stringValue: 
      indexValue: 0
    validationMask: 26
    validationLayer:
      serializedVersion: 2
      m_Bits: 0
    validationTag:
      stringValue: Player
    engineValueDataManager: {fileID: 0}
    selection:
      selectionName: 
      category:
        stringValue: 
        indexValue: 0
        stringValues: []
      engineValue:
        stringValue: 
        indexValue: 0
        stringValues: []
      valueData: {fileID: 0}
    valueOption: 0
    comparedValue: 0
    angle: 270
    obstacleLayer:
      serializedVersion: 2
      m_Bits: 256
    eyesOffset: {x: 0, y: 1.8, z: 0}
    lookLocationOffset: {x: 0, y: 1.8, z: 0}
    activationAmount: 0
    maxActivations: 0
    activationType: 0
    engineEvents:
    - eventName: Event 1
      sceneObject:
        sceneObjectType: 2
        overrideGameObject: {fileID: 0}
        closestTag: 
        nameToFind: 
      startType: 0
      inputButton:
        stringValue: 
        indexValue: 0
      eventTypeMask: 64
      commons: []
      anims: []
      methods: []
      interacts:
      - optionName: 
        affectedObj: 0
        overrideObject: {fileID: 1395747221}
        interactFX: {fileID: 11400000, guid: 3a65400144e6f404582a74c6eeccf962, type: 2}
      eventOptions: []
      valueDeltaOptions: []
      controllerOptions:
      - optionName: 'Set Target: Chase | Add'
        affectedObj: 0
        overrideObject: {fileID: 0}
        affectController: 0
        state: 0
        targetType: 0
        implementType: 0
      - optionName: 'Set State: Chase'
        affectedObj: 0
        overrideObject: {fileID: 0}
        affectController: 1
        state: 4
        targetType: 0
        implementType: 0
      detectZoneInd: 0
      delay: 0
      repeat: 0
      repeatTime: 0
      finishType: 0
      totalTime: 0
      active: 0
      finished: 0
    receivers: []
    receiverIndMask: 0
  - triggerName: Trigger 1 | PlayerDetect | OnExit
    triggerType: 2
    detectZoneInd: 0
    onStayOption: 0
    repeatDelay: 0
    input:
      stringValue: 
      indexValue: 0
    validationMask: 0
    validationLayer:
      serializedVersion: 2
      m_Bits: 0
    validationTag:
      stringValue: Player
    engineValueDataManager: {fileID: 0}
    selection:
      selectionName: 
      category:
        stringValue: 
        indexValue: 0
        stringValues: []
      engineValue:
        stringValue: 
        indexValue: 0
        stringValues: []
      valueData: {fileID: 0}
    valueOption: 0
    comparedValue: 0
    angle: 0
    obstacleLayer:
      serializedVersion: 2
      m_Bits: 0
    eyesOffset: {x: 0, y: 0, z: 0}
    lookLocationOffset: {x: 0, y: 0, z: 0}
    activationAmount: 0
    maxActivations: 0
    activationType: 0
    engineEvents:
    - eventName: Event 1
      sceneObject:
        sceneObjectType: 2
        overrideGameObject: {fileID: 0}
        closestTag: 
        nameToFind: 
      startType: 0
      inputButton:
        stringValue: 
        indexValue: 0
      eventTypeMask: 64
      commons: []
      anims: []
      methods: []
      interacts: []
      eventOptions: []
      valueDeltaOptions: []
      controllerOptions:
      - optionName: 'Set Target: Chase | Remove'
        affectedObj: 0
        overrideObject: {fileID: 0}
        affectController: 0
        state: 0
        targetType: 0
        implementType: 1
      detectZoneInd: 0
      delay: 0
      repeat: 0
      repeatTime: 0
      finishType: 0
      totalTime: 0
      active: 0
      finished: 0
    receivers: []
    receiverIndMask: 0
  - triggerName: Trigger 2 | AttackRange | OnEnter
    triggerType: 0
    detectZoneInd: 1
    onStayOption: 0
    repeatDelay: 0
    input:
      stringValue: 
      indexValue: 0
    validationMask: 0
    validationLayer:
      serializedVersion: 2
      m_Bits: 0
    validationTag:
      stringValue: Player
    engineValueDataManager: {fileID: 0}
    selection:
      selectionName: 
      category:
        stringValue: 
        indexValue: 0
        stringValues: []
      engineValue:
        stringValue: 
        indexValue: 0
        stringValues: []
      valueData: {fileID: 0}
    valueOption: 0
    comparedValue: 0
    angle: 0
    obstacleLayer:
      serializedVersion: 2
      m_Bits: 0
    eyesOffset: {x: 0, y: 0, z: 0}
    lookLocationOffset: {x: 0, y: 0, z: 0}
    activationAmount: 0
    maxActivations: 0
    activationType: 0
    engineEvents:
    - eventName: Event 1
      sceneObject:
        sceneObjectType: 2
        overrideGameObject: {fileID: 0}
        closestTag: 
        nameToFind: 
      startType: 0
      inputButton:
        stringValue: 
        indexValue: 0
      eventTypeMask: 96
      commons: []
      anims: []
      methods: []
      interacts: []
      eventOptions:
      - optionName: 
        affectedObj: 0
        overrideObject: {fileID: 0}
        receiver:
          manager: {fileID: 1395747222}
          broadcastType: 1
          triggerBroadcastType: 1
          triggerOption: 2
          triggerSingle:
            stringValue: Trigger 0 | PlayerDetect | OnStay
            indexValue: 0
            stringValues: []
          triggerMask: 0
          preTrigger:
            stringValue: 
            indexValue: 0
            stringValues: []
          preTriggerBroadcastType: 0
          eventInd:
            stringValue: Event 1
            indexValue: 0
            stringValues: []
          eventOption: 1
      valueDeltaOptions: []
      controllerOptions:
      - optionName: 'Set Target: LookAt | Add'
        affectedObj: 0
        overrideObject: {fileID: 0}
        affectController: 0
        state: 0
        targetType: 2
        implementType: 0
      - optionName: 'Set State: LookAt'
        affectedObj: 0
        overrideObject: {fileID: 0}
        affectController: 1
        state: 3
        targetType: 2
        implementType: 0
      detectZoneInd: 0
      delay: 0
      repeat: 0
      repeatTime: 0
      finishType: 0
      totalTime: 0
      active: 0
      finished: 0
    receivers: []
    receiverIndMask: 0
  - triggerName: Trigger 3 | AttackRange | OnExit
    triggerType: 2
    detectZoneInd: 1
    onStayOption: 0
    repeatDelay: 0
    input:
      stringValue: 
      indexValue: 0
    validationMask: 0
    validationLayer:
      serializedVersion: 2
      m_Bits: 0
    validationTag:
      stringValue: Player
    engineValueDataManager: {fileID: 0}
    selection:
      selectionName: 
      category:
        stringValue: 
        indexValue: 0
        stringValues: []
      engineValue:
        stringValue: 
        indexValue: 0
        stringValues: []
      valueData: {fileID: 0}
    valueOption: 0
    comparedValue: 0
    angle: 0
    obstacleLayer:
      serializedVersion: 2
      m_Bits: 0
    eyesOffset: {x: 0, y: 0, z: 0}
    lookLocationOffset: {x: 0, y: 0, z: 0}
    activationAmount: 0
    maxActivations: 0
    activationType: 0
    engineEvents:
    - eventName: Event 1
      sceneObject:
        sceneObjectType: 2
        overrideGameObject: {fileID: 0}
        closestTag: 
        nameToFind: 
      startType: 0
      inputButton:
        stringValue: 
        indexValue: 0
      eventTypeMask: 96
      commons: []
      anims: []
      methods: []
      interacts: []
      eventOptions:
      - optionName: 
        affectedObj: 0
        overrideObject: {fileID: 0}
        receiver:
          manager: {fileID: 1395747222}
          broadcastType: 1
          triggerBroadcastType: 1
          triggerOption: 1
          triggerSingle:
            stringValue: Trigger 0 | PlayerDetect | OnStay
            indexValue: 0
            stringValues: []
          triggerMask: 0
          preTrigger:
            stringValue: 
            indexValue: 0
            stringValues: []
          preTriggerBroadcastType: 0
          eventInd:
            stringValue: Event 1
            indexValue: 0
            stringValues: []
          eventOption: 2
      valueDeltaOptions: []
      controllerOptions:
      - optionName: 'Set Target: Chase | Add'
        affectedObj: 0
        overrideObject: {fileID: 0}
        affectController: 0
        state: 0
        targetType: 0
        implementType: 0
      - optionName: 'Set Target: LookAt | Remove'
        affectedObj: 0
        overrideObject: {fileID: 0}
        affectController: 0
        state: 0
        targetType: 2
        implementType: 1
      detectZoneInd: 0
      delay: 0
      repeat: 0
      repeatTime: 0
      finishType: 0
      totalTime: 0
      active: 0
      finished: 0
    receivers: []
    receiverIndMask: 0
--- !u!114 &1395747223
MonoBehaviour:
  m_ObjectHideFlags: 0
  m_CorrespondingSourceObject: {fileID: 0}
  m_PrefabInstance: {fileID: 0}
  m_PrefabAsset: {fileID: 0}
  m_GameObject: {fileID: 1395747221}
  m_Enabled: 1
  m_EditorHideFlags: 0
  m_Script: {fileID: 11500000, guid: b8b7db05aa6ba1345a730af4efb5e59e, type: 3}
  m_Name: 
  m_EditorClassIdentifier: 
  controllerType: 2
  moveForceType: 0
  agent: {fileID: 1395747225}
  defaultMovement: 2
  curMovementState: 0
  target: {fileID: 0}
  doDefaultMovementIfNoTargets: 0
  entityDataManager: {fileID: 0}
  chasePriorities: []
  fleePriorities: []
  lookAtPriorities: []
  patrolType: 0
  patrolDatas: []
  patrolPoints: []
  wanderRadius: 3.73
  minNextDistance: 1
  resetWanderCenterOnReset: 1
  chaseIntervalCheckTime: 0.3
  fleeIntervalCheckTime: 1
  fleeSearchDistance: 10
  arrivalDistance: 0.1
  arrivalTime: 0
  stuckCheckTime: 5
  rotSensitivity: 5
  ignoreLeanRotation: 1
  enableClimbing: 1
  climbingDetect: 0
  climbSpeed: 6
  climbing: 0
  inAirControlTime: 1
  addedGravityType: 0
  forceAmount: 0
  forceDirection: {x: 0, y: -1, z: 0}
  useCharacterControllerGroundDetection: 0
  groundMask:
    serializedVersion: 2
    m_Bits: 256
  platformMask:
    serializedVersion: 2
    m_Bits: 65536
  groundBoxSize: {x: 0.7, y: 0.15, z: 0.7}
  groundBoxCenter: {x: 0, y: 0, z: 0}
  sideMask:
    serializedVersion: 2
    m_Bits: 0
  sideDetectCenter: {x: 0, y: 0, z: 0}
  idleDetectRadius: 0.3
  movingDetectRadius: 0.3
  sideDetectHeight: 0.6
  sideDetectDistanceMultiplier: 0.6
  slowMask:
    serializedVersion: 2
    m_Bits: 0
  slowMultiplier: 0.1
  ladderLayer:
    indexValue: 0
    stringValue: Default
    maskValue:
      serializedVersion: 2
      m_Bits: 1
  baseSpeed: 1
  enableJump: 1
--- !u!114 &1395747224
MonoBehaviour:
  m_ObjectHideFlags: 0
  m_CorrespondingSourceObject: {fileID: 0}
  m_PrefabInstance: {fileID: 0}
  m_PrefabAsset: {fileID: 0}
  m_GameObject: {fileID: 1395747221}
  m_Enabled: 1
  m_EditorHideFlags: 0
  m_Script: {fileID: 11500000, guid: a95e101a7cd417242909eba5170e11e9, type: 3}
  m_Name: 
  m_EditorClassIdentifier: 
  data: {fileID: 11400000, guid: d5d0a18ff002b734e8abc2dad867e39e, type: 2}
  spawnUI: 2
  UIToSpawn: {fileID: 0}
  parentUIToUnit: 0
  attackTarget: {fileID: 668722573}
  skinOptions: 2
  spawnSkinOverride: {fileID: 0}
  childSkinOverride: {fileID: 668722570}
  spawnLocationData: {fileID: 11400000, guid: fcd6cf54689f2664f9ccd93a05a53c7f, type: 2}
  spawnLocations:
  - overridePropertyName: RightHand
    overrideParent: 1
    parent: {fileID: 668722570}
    stringValue: SpawnLocation
    indexValue: 1
  - overridePropertyName: AmmoPouche
    overrideParent: 1
    parent: {fileID: 668722570}
    stringValue: SpawnLocation
    indexValue: 1
--- !u!195 &1395747225
NavMeshAgent:
  m_ObjectHideFlags: 0
  m_CorrespondingSourceObject: {fileID: 0}
  m_PrefabInstance: {fileID: 0}
  m_PrefabAsset: {fileID: 0}
  m_GameObject: {fileID: 1395747221}
  m_Enabled: 1
  m_AgentTypeID: 0
  m_Radius: 0.5
  m_Speed: 3.5
  m_Acceleration: 100
  avoidancePriority: 50
  m_AngularSpeed: 1000
  m_StoppingDistance: 0
  m_AutoTraverseOffMeshLink: 1
  m_AutoBraking: 1
  m_AutoRepath: 1
  m_Height: 2
  m_BaseOffset: 0
  m_WalkableMask: 4294967295
  m_ObstacleAvoidanceType: 4
--- !u!136 &1395747226
CapsuleCollider:
  m_ObjectHideFlags: 0
  m_CorrespondingSourceObject: {fileID: 0}
  m_PrefabInstance: {fileID: 0}
  m_PrefabAsset: {fileID: 0}
  m_GameObject: {fileID: 1395747221}
  m_Material: {fileID: 0}
  m_IsTrigger: 0
  m_Enabled: 1
  m_Radius: 0.5
  m_Height: 2
  m_Direction: 1
  m_Center: {x: 0, y: 1, z: 0}
--- !u!54 &1395747227
Rigidbody:
  m_ObjectHideFlags: 0
  m_CorrespondingSourceObject: {fileID: 0}
  m_PrefabInstance: {fileID: 0}
  m_PrefabAsset: {fileID: 0}
  m_GameObject: {fileID: 1395747221}
  serializedVersion: 2
  m_Mass: 1
  m_Drag: 0
  m_AngularDrag: 0.05
  m_UseGravity: 1
  m_IsKinematic: 1
  m_Interpolate: 0
  m_Constraints: 112
  m_CollisionDetection: 0
--- !u!4 &1395747228
Transform:
  m_ObjectHideFlags: 0
  m_CorrespondingSourceObject: {fileID: 0}
  m_PrefabInstance: {fileID: 0}
  m_PrefabAsset: {fileID: 0}
  m_GameObject: {fileID: 1395747221}
  m_LocalRotation: {x: 0, y: 0, z: 0, w: 1}
  m_LocalPosition: {x: -15, y: 1, z: -19}
  m_LocalScale: {x: 1, y: 1, z: 1}
  m_Children:
  - {fileID: 668722573}
  m_Father: {fileID: 0}
  m_RootOrder: 6
  m_LocalEulerAnglesHint: {x: 0, y: 0, z: 0}
--- !u!1 &1666158619
GameObject:
  m_ObjectHideFlags: 0
  m_CorrespondingSourceObject: {fileID: 0}
  m_PrefabInstance: {fileID: 0}
  m_PrefabAsset: {fileID: 0}
  serializedVersion: 6
  m_Component:
  - component: {fileID: 1666158621}
  - component: {fileID: 1666158620}
  m_Layer: 0
  m_Name: MenuManager
  m_TagString: Untagged
  m_Icon: {fileID: 0}
  m_NavMeshLayer: 0
  m_StaticEditorFlags: 0
  m_IsActive: 1
--- !u!114 &1666158620
MonoBehaviour:
  m_ObjectHideFlags: 0
  m_CorrespondingSourceObject: {fileID: 0}
  m_PrefabInstance: {fileID: 0}
  m_PrefabAsset: {fileID: 0}
  m_GameObject: {fileID: 1666158619}
  m_Enabled: 1
  m_EditorHideFlags: 0
  m_Script: {fileID: 11500000, guid: b197e652af76b8c44af90d37170f266f, type: 3}
  m_Name: 
  m_EditorClassIdentifier: 
  freezeOnPause: 0
  enableCameraSwitching: 1
  cameraSwitch:
    cameraSwitchers:
    - enterCameraManager: {fileID: 11400000, guid: 9752e0622c64f8642bed519eb0120094,
        type: 2}
      enterCameraInd: 0
      exitCameraManager: {fileID: 11400000, guid: a38d4559797fc7542afc557bce75155f,
        type: 2}
      exitCameraInd: 1
      ignorePriorityOnExit: 1
      switchButton:
        stringValue: Cancel
        indexValue: 17
      switchType: 1
      activateEvents: []
      deactivateEvents: []
--- !u!4 &1666158621
Transform:
  m_ObjectHideFlags: 0
  m_CorrespondingSourceObject: {fileID: 0}
  m_PrefabInstance: {fileID: 0}
  m_PrefabAsset: {fileID: 0}
  m_GameObject: {fileID: 1666158619}
  m_LocalRotation: {x: 0, y: 0, z: 0, w: 1}
  m_LocalPosition: {x: 0, y: 0, z: 0}
  m_LocalScale: {x: 1, y: 1, z: 1}
  m_Children: []
  m_Father: {fileID: 1923660628}
  m_RootOrder: 0
  m_LocalEulerAnglesHint: {x: 0, y: 0, z: 0}
--- !u!1 &1768346533
GameObject:
  m_ObjectHideFlags: 0
  m_CorrespondingSourceObject: {fileID: 0}
  m_PrefabInstance: {fileID: 0}
  m_PrefabAsset: {fileID: 0}
  serializedVersion: 6
  m_Component:
  - component: {fileID: 1768346534}
  m_Layer: 0
  m_Name: CameraRig
  m_TagString: Untagged
  m_Icon: {fileID: 0}
  m_NavMeshLayer: 0
  m_StaticEditorFlags: 0
  m_IsActive: 1
--- !u!4 &1768346534
Transform:
  m_ObjectHideFlags: 0
  m_CorrespondingSourceObject: {fileID: 0}
  m_PrefabInstance: {fileID: 0}
  m_PrefabAsset: {fileID: 0}
  m_GameObject: {fileID: 1768346533}
  m_LocalRotation: {x: -0, y: -0.7071067, z: -0, w: 0.7071069}
  m_LocalPosition: {x: 0, y: 13, z: -4}
  m_LocalScale: {x: 1, y: 1, z: 1}
  m_Children:
  - {fileID: 1352460702}
  m_Father: {fileID: 0}
  m_RootOrder: 0
  m_LocalEulerAnglesHint: {x: 0, y: -90.00001, z: 0}
--- !u!1 &1923660626
GameObject:
  m_ObjectHideFlags: 0
  m_CorrespondingSourceObject: {fileID: 0}
  m_PrefabInstance: {fileID: 0}
  m_PrefabAsset: {fileID: 0}
  serializedVersion: 6
  m_Component:
  - component: {fileID: 1923660628}
  - component: {fileID: 1923660627}
  m_Layer: 0
  m_Name: GameManager
  m_TagString: Untagged
  m_Icon: {fileID: 0}
  m_NavMeshLayer: 0
  m_StaticEditorFlags: 0
  m_IsActive: 1
--- !u!114 &1923660627
MonoBehaviour:
  m_ObjectHideFlags: 0
  m_CorrespondingSourceObject: {fileID: 0}
  m_PrefabInstance: {fileID: 0}
  m_PrefabAsset: {fileID: 0}
  m_GameObject: {fileID: 1923660626}
  m_Enabled: 1
  m_EditorHideFlags: 0
  m_Script: {fileID: 11500000, guid: 5e6b3f3b1eee07b468ab3488dff986bb, type: 3}
  m_Name: 
  m_EditorClassIdentifier: 
  userData: {fileID: 11400000, guid: ea2ee05f164827248811abf35b457fe2, type: 2}
  skinManager: {fileID: 0}
  spawnManager: {fileID: 11400000, guid: a0084be721eae0041b667eee884623ce, type: 2}
  initializeSpawnManagerOnStart: 1
  sceneTransData: {fileID: 11400000, guid: 964e62b86e4354b4d88698be1241a1cc, type: 2}
  valueUIManagerData: {fileID: 11400000, guid: 680d24b26816b87459005175ba6131ad, type: 2}
  poolManagerData: {fileID: 11400000, guid: 73f6f12b818148048a03d8f039c6d8df, type: 2}
  killHeight: -20
  menuManager: {fileID: 1666158620}
  musicManager: {fileID: 0}
--- !u!4 &1923660628
Transform:
  m_ObjectHideFlags: 0
  m_CorrespondingSourceObject: {fileID: 0}
  m_PrefabInstance: {fileID: 0}
  m_PrefabAsset: {fileID: 0}
  m_GameObject: {fileID: 1923660626}
  m_LocalRotation: {x: 0, y: 0, z: 0, w: 1}
  m_LocalPosition: {x: 0.9472499, y: 2.827941, z: -1.8183126}
  m_LocalScale: {x: 1, y: 1, z: 1}
  m_Children:
  - {fileID: 1666158621}
  m_Father: {fileID: 0}
  m_RootOrder: 1
  m_LocalEulerAnglesHint: {x: 0, y: 0, z: 0}
--- !u!1 &2126713343
GameObject:
  m_ObjectHideFlags: 0
  m_CorrespondingSourceObject: {fileID: 0}
  m_PrefabInstance: {fileID: 0}
  m_PrefabAsset: {fileID: 0}
  serializedVersion: 6
  m_Component:
  - component: {fileID: 2126713348}
  - component: {fileID: 2126713347}
  - component: {fileID: 2126713346}
  - component: {fileID: 2126713345}
  - component: {fileID: 2126713349}
  - component: {fileID: 2126713344}
  m_Layer: 8
  m_Name: Floor
  m_TagString: Untagged
  m_Icon: {fileID: 0}
  m_NavMeshLayer: 0
  m_StaticEditorFlags: 0
  m_IsActive: 1
--- !u!114 &2126713344
MonoBehaviour:
  m_ObjectHideFlags: 0
  m_CorrespondingSourceObject: {fileID: 0}
  m_PrefabInstance: {fileID: 0}
  m_PrefabAsset: {fileID: 0}
  m_GameObject: {fileID: 2126713343}
  m_Enabled: 1
  m_EditorHideFlags: 0
  m_Script: {fileID: 11500000, guid: 7a5ac11cc976e418e8d13136b07e1f52, type: 3}
  m_Name: 
  m_EditorClassIdentifier: 
  m_AgentTypeID: 0
  m_CollectObjects: 0
  m_Size: {x: 10, y: 10, z: 10}
  m_Center: {x: 0, y: 2, z: 0}
  m_LayerMask:
    serializedVersion: 2
    m_Bits: 256
  m_UseGeometry: 1
  m_DefaultArea: 0
  m_IgnoreNavMeshAgent: 1
  m_IgnoreNavMeshObstacle: 1
  m_OverrideTileSize: 0
  m_TileSize: 256
  m_OverrideVoxelSize: 0
  m_VoxelSize: 0.16666667
  m_BuildHeightMesh: 0
  m_NavMeshData: {fileID: 23800000, guid: c4dd2ae65c52bbe43bda6c161aa10a6f, type: 2}
--- !u!114 &2126713345
MonoBehaviour:
  m_ObjectHideFlags: 0
  m_CorrespondingSourceObject: {fileID: 0}
  m_PrefabInstance: {fileID: 0}
  m_PrefabAsset: {fileID: 0}
  m_GameObject: {fileID: 2126713343}
  m_Enabled: 1
  m_EditorHideFlags: 0
  m_Script: {fileID: 11500000, guid: 8233d90336aea43098adf6dbabd606a2, type: 3}
  m_Name: 
  m_EditorClassIdentifier: 
  m_MeshFormatVersion: 1
  m_Faces:
  - m_Indexes: 000000000100000002000000010000000300000002000000
    m_SmoothingGroup: 0
    m_Uv:
      m_UseWorldSpace: 0
      m_FlipU: 0
      m_FlipV: 0
      m_SwapUV: 0
      m_Fill: 1
      m_Scale: {x: 1, y: 1}
      m_Offset: {x: 0, y: 0}
      m_Rotation: 0
      m_Anchor: 9
    m_Material: {fileID: 0}
    m_SubmeshIndex: 0
    m_ManualUV: 0
    elementGroup: -1
    m_TextureGroup: -1
  - m_Indexes: 040000000500000006000000050000000700000006000000
    m_SmoothingGroup: 0
    m_Uv:
      m_UseWorldSpace: 0
      m_FlipU: 0
      m_FlipV: 0
      m_SwapUV: 0
      m_Fill: 1
      m_Scale: {x: 1, y: 1}
      m_Offset: {x: 0, y: 0}
      m_Rotation: 0
      m_Anchor: 9
    m_Material: {fileID: 0}
    m_SubmeshIndex: 0
    m_ManualUV: 0
    elementGroup: -1
    m_TextureGroup: -1
  - m_Indexes: 08000000090000000a000000090000000b0000000a000000
    m_SmoothingGroup: 0
    m_Uv:
      m_UseWorldSpace: 0
      m_FlipU: 0
      m_FlipV: 0
      m_SwapUV: 0
      m_Fill: 1
      m_Scale: {x: 1, y: 1}
      m_Offset: {x: 0, y: 0}
      m_Rotation: 0
      m_Anchor: 9
    m_Material: {fileID: 0}
    m_SubmeshIndex: 0
    m_ManualUV: 0
    elementGroup: -1
    m_TextureGroup: -1
  - m_Indexes: 0c0000000d0000000e0000000d0000000f0000000e000000
    m_SmoothingGroup: 0
    m_Uv:
      m_UseWorldSpace: 0
      m_FlipU: 0
      m_FlipV: 0
      m_SwapUV: 0
      m_Fill: 1
      m_Scale: {x: 1, y: 1}
      m_Offset: {x: 0, y: 0}
      m_Rotation: 0
      m_Anchor: 9
    m_Material: {fileID: 0}
    m_SubmeshIndex: 0
    m_ManualUV: 0
    elementGroup: -1
    m_TextureGroup: -1
  - m_Indexes: 100000001100000012000000110000001300000012000000
    m_SmoothingGroup: 0
    m_Uv:
      m_UseWorldSpace: 0
      m_FlipU: 0
      m_FlipV: 0
      m_SwapUV: 0
      m_Fill: 1
      m_Scale: {x: 1, y: 1}
      m_Offset: {x: 0, y: 0}
      m_Rotation: 0
      m_Anchor: 9
    m_Material: {fileID: 0}
    m_SubmeshIndex: 0
    m_ManualUV: 0
    elementGroup: -1
    m_TextureGroup: -1
  - m_Indexes: 140000001500000016000000150000001700000016000000
    m_SmoothingGroup: 0
    m_Uv:
      m_UseWorldSpace: 0
      m_FlipU: 0
      m_FlipV: 0
      m_SwapUV: 0
      m_Fill: 1
      m_Scale: {x: 1, y: 1}
      m_Offset: {x: 0, y: 0}
      m_Rotation: 0
      m_Anchor: 9
    m_Material: {fileID: 0}
    m_SubmeshIndex: 0
    m_ManualUV: 0
    elementGroup: -1
    m_TextureGroup: -1
  m_SharedVertices:
  - m_Vertices: 000000000d00000016000000
  - m_Vertices: 010000000400000017000000
  - m_Vertices: 020000000f00000010000000
  - m_Vertices: 030000000600000011000000
  - m_Vertices: 050000000800000015000000
  - m_Vertices: 070000000a00000013000000
  - m_Vertices: 090000000c00000014000000
  - m_Vertices: 0b0000000e00000012000000
  m_SharedTextures: []
  m_Positions:
  - {x: -26, y: 0, z: 17}
  - {x: 23, y: 0, z: 17}
  - {x: -26, y: 1, z: 17}
  - {x: 23, y: 1, z: 17}
  - {x: 23, y: 0, z: 17}
  - {x: 23, y: 0, z: -31}
  - {x: 23, y: 1, z: 17}
  - {x: 23, y: 1, z: -31}
  - {x: 23, y: 0, z: -31}
  - {x: -26, y: 0, z: -31}
  - {x: 23, y: 1, z: -31}
  - {x: -26, y: 1, z: -31}
  - {x: -26, y: 0, z: -31}
  - {x: -26, y: 0, z: 17}
  - {x: -26, y: 1, z: -31}
  - {x: -26, y: 1, z: 17}
  - {x: -26, y: 1, z: 17}
  - {x: 23, y: 1, z: 17}
  - {x: -26, y: 1, z: -31}
  - {x: 23, y: 1, z: -31}
  - {x: -26, y: 0, z: -31}
  - {x: 23, y: 0, z: -31}
  - {x: -26, y: 0, z: 17}
  - {x: 23, y: 0, z: 17}
  m_Textures0:
  - {x: 26, y: 0}
  - {x: -23, y: 0}
  - {x: 26, y: 1}
  - {x: -23, y: 1}
  - {x: 17, y: 0}
  - {x: -31, y: 0}
  - {x: 17, y: 1}
  - {x: -31, y: 1}
  - {x: 23, y: 0}
  - {x: -26, y: 0}
  - {x: 23, y: 1}
  - {x: -26, y: 1}
  - {x: 31, y: 0}
  - {x: -17, y: 0}
  - {x: 31, y: 1}
  - {x: -17, y: 1}
  - {x: -26, y: 17}
  - {x: 23, y: 17}
  - {x: -26, y: -31}
  - {x: 23, y: -31}
  - {x: 26, y: -31}
  - {x: -23, y: -31}
  - {x: 26, y: 17}
  - {x: -23, y: 17}
  m_Textures2: []
  m_Textures3: []
  m_Tangents:
  - {x: -1, y: 0, z: 0, w: -1}
  - {x: -1, y: 0, z: 0, w: -1}
  - {x: -1, y: 0, z: 0, w: -1}
  - {x: -1, y: 0, z: 0, w: -1}
  - {x: 0, y: 0, z: 1, w: -1}
  - {x: 0, y: 0, z: 1, w: -1}
  - {x: 0, y: 0, z: 1, w: -1}
  - {x: 0, y: 0, z: 1, w: -1}
  - {x: 1, y: 0, z: 0, w: -1}
  - {x: 1, y: 0, z: 0, w: -1}
  - {x: 1, y: 0, z: 0, w: -1}
  - {x: 1, y: 0, z: 0, w: -1}
  - {x: 0, y: 0, z: -1, w: -1}
  - {x: 0, y: 0, z: -1, w: -1}
  - {x: 0, y: 0, z: -1, w: -1}
  - {x: 0, y: 0, z: -1, w: -1}
  - {x: 1, y: 0, z: 0, w: -1}
  - {x: 1, y: 0, z: 0, w: -1}
  - {x: 1, y: 0, z: 0, w: -1}
  - {x: 1, y: 0, z: 0, w: -1}
  - {x: -1, y: 0, z: 0, w: -1}
  - {x: -1, y: 0, z: 0, w: -1}
  - {x: -1, y: 0, z: 0, w: -1}
  - {x: -1, y: 0, z: 0, w: -1}
  m_Colors: []
  m_UnwrapParameters:
    m_HardAngle: 88
    m_PackMargin: 20
    m_AngleError: 8
    m_AreaError: 15
  m_PreserveMeshAssetOnDestroy: 0
  assetGuid: 
  m_IsSelectable: 1
  m_SelectedFaces: 03000000
  m_SelectedEdges:
  - a: 12
    b: 13
  - a: 14
    b: 12
  - a: 13
    b: 15
  - a: 15
    b: 14
  m_SelectedVertices: 0c0000000d0000000e0000000f000000
--- !u!23 &2126713346
MeshRenderer:
  m_ObjectHideFlags: 0
  m_CorrespondingSourceObject: {fileID: 0}
  m_PrefabInstance: {fileID: 0}
  m_PrefabAsset: {fileID: 0}
  m_GameObject: {fileID: 2126713343}
  m_Enabled: 1
  m_CastShadows: 1
  m_ReceiveShadows: 1
  m_DynamicOccludee: 1
  m_MotionVectors: 1
  m_LightProbeUsage: 1
  m_ReflectionProbeUsage: 1
  m_RenderingLayerMask: 1
  m_RendererPriority: 0
  m_Materials:
  - {fileID: 2100000, guid: c22777d6e868e4f2fb421913386b154e, type: 2}
  m_StaticBatchInfo:
    firstSubMesh: 0
    subMeshCount: 0
  m_StaticBatchRoot: {fileID: 0}
  m_ProbeAnchor: {fileID: 0}
  m_LightProbeVolumeOverride: {fileID: 0}
  m_ScaleInLightmap: 1
  m_ReceiveGI: 1
  m_PreserveUVs: 0
  m_IgnoreNormalsForChartDetection: 0
  m_ImportantGI: 0
  m_StitchLightmapSeams: 1
  m_SelectedEditorRenderState: 2
  m_MinimumChartSize: 4
  m_AutoUVMaxDistance: 0.5
  m_AutoUVMaxAngle: 89
  m_LightmapParameters: {fileID: 0}
  m_SortingLayerID: 0
  m_SortingLayer: 0
  m_SortingOrder: 0
--- !u!33 &2126713347
MeshFilter:
  m_ObjectHideFlags: 0
  m_CorrespondingSourceObject: {fileID: 0}
  m_PrefabInstance: {fileID: 0}
  m_PrefabAsset: {fileID: 0}
  m_GameObject: {fileID: 2126713343}
  m_Mesh: {fileID: 386936062}
--- !u!4 &2126713348
Transform:
  m_ObjectHideFlags: 0
  m_CorrespondingSourceObject: {fileID: 0}
  m_PrefabInstance: {fileID: 0}
  m_PrefabAsset: {fileID: 0}
  m_GameObject: {fileID: 2126713343}
  m_LocalRotation: {x: 0, y: 0, z: 0, w: 1}
  m_LocalPosition: {x: 0, y: 0, z: 0}
  m_LocalScale: {x: 1, y: 1, z: 1}
  m_Children: []
  m_Father: {fileID: 0}
  m_RootOrder: 3
  m_LocalEulerAnglesHint: {x: 0, y: 0, z: 0}
--- !u!65 &2126713349
BoxCollider:
  m_ObjectHideFlags: 0
  m_CorrespondingSourceObject: {fileID: 0}
  m_PrefabInstance: {fileID: 0}
  m_PrefabAsset: {fileID: 0}
  m_GameObject: {fileID: 2126713343}
  m_Material: {fileID: 0}
  m_IsTrigger: 0
  m_Enabled: 1
  serializedVersion: 2
  m_Size: {x: 49, y: 1, z: 48}
  m_Center: {x: -1.5, y: 0.5, z: -7}
