%YAML 1.1
%TAG !u! tag:unity3d.com,2011:
--- !u!1 &5038528400078370981
GameObject:
  m_ObjectHideFlags: 0
  m_CorrespondingSourceObject: {fileID: 0}
  m_PrefabInstance: {fileID: 0}
  m_PrefabAsset: {fileID: 0}
  serializedVersion: 6
  m_Component:
  - component: {fileID: 8338180765807643318}
  - component: {fileID: 9100225463597979541}
  - component: {fileID: 2317315268706730442}
  - component: {fileID: 5620670188081136081}
  - component: {fileID: 1208481547565388654}
  - component: {fileID: 6588120986029445336}
  - component: {fileID: 2138624842942381178}
  - component: {fileID: 15212645197977905}
  - component: {fileID: 6127404589894303469}
  - component: {fileID: 8457750820224853013}
  - component: {fileID: 926039864002470084}
  - component: {fileID: 2024477336427903205}
  - component: {fileID: 7596719227883425208}
  - component: {fileID: 6765371098398096088}
  - component: {fileID: 6421496548805039741}
  - component: {fileID: 4193180359057437640}
  - component: {fileID: 2404861088320268427}
  - component: {fileID: 4943457878261246290}
  - component: {fileID: 8476743831020239387}
  m_Layer: 8
  m_Name: cage door frame
  m_TagString: Untagged
  m_Icon: {fileID: 0}
  m_NavMeshLayer: 0
  m_StaticEditorFlags: 0
  m_IsActive: 1
--- !u!4 &8338180765807643318
Transform:
  m_ObjectHideFlags: 0
  m_CorrespondingSourceObject: {fileID: 0}
  m_PrefabInstance: {fileID: 0}
  m_PrefabAsset: {fileID: 0}
  m_GameObject: {fileID: 5038528400078370981}
  m_LocalRotation: {x: -0, y: 0.7071057, z: -0, w: 0.7071079}
  m_LocalPosition: {x: 19.193, y: -0.97865, z: -25.43}
  m_LocalScale: {x: 0.054127686, y: 0.053447843, z: 0.054127686}
  m_Children:
  - {fileID: 8674744720629029511}
  m_Father: {fileID: 0}
  m_RootOrder: 0
  m_LocalEulerAnglesHint: {x: 0, y: 90.00001, z: 0}
--- !u!65 &9100225463597979541
BoxCollider:
  m_ObjectHideFlags: 0
  m_CorrespondingSourceObject: {fileID: 0}
  m_PrefabInstance: {fileID: 0}
  m_PrefabAsset: {fileID: 0}
  m_GameObject: {fileID: 5038528400078370981}
  m_Material: {fileID: 0}
  m_IsTrigger: 0
  m_Enabled: 1
  serializedVersion: 2
  m_Size: {x: 21.69371, y: 1, z: 3.7139037}
  m_Center: {x: 21.214945, y: 0, z: 0.10247691}
--- !u!65 &2317315268706730442
BoxCollider:
  m_ObjectHideFlags: 0
  m_CorrespondingSourceObject: {fileID: 0}
  m_PrefabInstance: {fileID: 0}
  m_PrefabAsset: {fileID: 0}
  m_GameObject: {fileID: 5038528400078370981}
  m_Material: {fileID: 0}
  m_IsTrigger: 0
  m_Enabled: 1
  serializedVersion: 2
  m_Size: {x: 21.098509, y: 1, z: 4.0849247}
  m_Center: {x: -28.509775, y: 0, z: -0.02065164}
--- !u!65 &5620670188081136081
BoxCollider:
  m_ObjectHideFlags: 0
  m_CorrespondingSourceObject: {fileID: 0}
  m_PrefabInstance: {fileID: 0}
  m_PrefabAsset: {fileID: 0}
  m_GameObject: {fileID: 5038528400078370981}
  m_Material: {fileID: 0}
  m_IsTrigger: 0
  m_Enabled: 1
  serializedVersion: 2
  m_Size: {x: 1.5379603, y: 76.24158, z: 4.2217546}
  m_Center: {x: -18.72953, y: 37.62079, z: 0.4223073}
--- !u!65 &1208481547565388654
BoxCollider:
  m_ObjectHideFlags: 0
  m_CorrespondingSourceObject: {fileID: 0}
  m_PrefabInstance: {fileID: 0}
  m_PrefabAsset: {fileID: 0}
  m_GameObject: {fileID: 5038528400078370981}
  m_Material: {fileID: 0}
  m_IsTrigger: 0
  m_Enabled: 1
  serializedVersion: 2
  m_Size: {x: 1.4237288, y: 76.24158, z: 4.2217546}
  m_Center: {x: 10.599796, y: 37.62079, z: 0.42230728}
--- !u!65 &6588120986029445336
BoxCollider:
  m_ObjectHideFlags: 0
  m_CorrespondingSourceObject: {fileID: 0}
  m_PrefabInstance: {fileID: 0}
  m_PrefabAsset: {fileID: 0}
  m_GameObject: {fileID: 5038528400078370981}
  m_Material: {fileID: 0}
  m_IsTrigger: 0
  m_Enabled: 1
  serializedVersion: 2
  m_Size: {x: 30.69975, y: 2.0842416, z: 4.2217546}
  m_Center: {x: -4.038199, y: 74.69945, z: 0.42230728}
--- !u!65 &2138624842942381178
BoxCollider:
  m_ObjectHideFlags: 0
  m_CorrespondingSourceObject: {fileID: 0}
  m_PrefabInstance: {fileID: 0}
  m_PrefabAsset: {fileID: 0}
  m_GameObject: {fileID: 5038528400078370981}
  m_Material: {fileID: 0}
  m_IsTrigger: 0
  m_Enabled: 1
  serializedVersion: 2
  m_Size: {x: 2.281232, y: 17.34561, z: 4.2217546}
  m_Center: {x: -14.246084, y: 82.33013, z: 0.4223073}
--- !u!65 &15212645197977905
BoxCollider:
  m_ObjectHideFlags: 0
  m_CorrespondingSourceObject: {fileID: 0}
  m_PrefabInstance: {fileID: 0}
  m_PrefabAsset: {fileID: 0}
  m_GameObject: {fileID: 5038528400078370981}
  m_Material: {fileID: 0}
  m_IsTrigger: 0
  m_Enabled: 1
  serializedVersion: 2
  m_Size: {x: 2.1432729, y: 17.34562, z: 4.2217546}
  m_Center: {x: -8.107334, y: 82.33013, z: 0.42230728}
--- !u!65 &6127404589894303469
BoxCollider:
  m_ObjectHideFlags: 0
  m_CorrespondingSourceObject: {fileID: 0}
  m_PrefabInstance: {fileID: 0}
  m_PrefabAsset: {fileID: 0}
  m_GameObject: {fileID: 5038528400078370981}
  m_Material: {fileID: 0}
  m_IsTrigger: 0
  m_Enabled: 1
  serializedVersion: 2
  m_Size: {x: 2.4191904, y: 17.34562, z: 4.2217546}
  m_Center: {x: -1.4863678, y: 82.33013, z: 0.4223073}
--- !u!65 &8457750820224853013
BoxCollider:
  m_ObjectHideFlags: 0
  m_CorrespondingSourceObject: {fileID: 0}
  m_PrefabInstance: {fileID: 0}
  m_PrefabAsset: {fileID: 0}
  m_GameObject: {fileID: 5038528400078370981}
  m_Material: {fileID: 0}
  m_IsTrigger: 0
  m_Enabled: 1
  serializedVersion: 2
  m_Size: {x: 2.1429634, y: 17.34562, z: 4.2217546}
  m_Center: {x: 4.7208867, y: 82.33013, z: 0.42230728}
--- !u!65 &926039864002470084
BoxCollider:
  m_ObjectHideFlags: 0
  m_CorrespondingSourceObject: {fileID: 0}
  m_PrefabInstance: {fileID: 0}
  m_PrefabAsset: {fileID: 0}
  m_GameObject: {fileID: 5038528400078370981}
  m_Material: {fileID: 0}
  m_IsTrigger: 0
  m_Enabled: 1
  serializedVersion: 2
  m_Size: {x: 71.06471, y: 1.2062281, z: 4.2217546}
  m_Center: {x: -3.8947318, y: 91.81815, z: 0.42230728}
--- !u!65 &2024477336427903205
BoxCollider:
  m_ObjectHideFlags: 0
  m_CorrespondingSourceObject: {fileID: 0}
  m_PrefabInstance: {fileID: 0}
  m_PrefabAsset: {fileID: 0}
  m_GameObject: {fileID: 5038528400078370981}
  m_Material: {fileID: 0}
  m_IsTrigger: 0
  m_Enabled: 1
  serializedVersion: 2
  m_Size: {x: 22.152452, y: 1.3866217, z: 4.2217546}
  m_Center: {x: 21.239613, y: 45.973072, z: 0.42230728}
--- !u!65 &7596719227883425208
BoxCollider:
  m_ObjectHideFlags: 0
  m_CorrespondingSourceObject: {fileID: 0}
  m_PrefabInstance: {fileID: 0}
  m_PrefabAsset: {fileID: 0}
  m_GameObject: {fileID: 5038528400078370981}
  m_Material: {fileID: 0}
  m_IsTrigger: 0
  m_Enabled: 1
  serializedVersion: 2
  m_Size: {x: 21.242004, y: 1.3866217, z: 4.2217546}
  m_Center: {x: -28.700552, y: 45.973072, z: 0.4223073}
--- !u!65 &6765371098398096088
BoxCollider:
  m_ObjectHideFlags: 0
  m_CorrespondingSourceObject: {fileID: 0}
  m_PrefabInstance: {fileID: 0}
  m_PrefabAsset: {fileID: 0}
  m_GameObject: {fileID: 5038528400078370981}
  m_Material: {fileID: 0}
  m_IsTrigger: 0
  m_Enabled: 1
  serializedVersion: 2
  m_Size: {x: 2.5702298, y: 90.78824, z: 4.2217546}
  m_Center: {x: 14.452185, y: 45.608837, z: 0.4223073}
--- !u!65 &6421496548805039741
BoxCollider:
  m_ObjectHideFlags: 0
  m_CorrespondingSourceObject: {fileID: 0}
  m_PrefabInstance: {fileID: 0}
  m_PrefabAsset: {fileID: 0}
  m_GameObject: {fileID: 5038528400078370981}
  m_Material: {fileID: 0}
  m_IsTrigger: 0
  m_Enabled: 1
  serializedVersion: 2
  m_Size: {x: 2.098323, y: 90.78824, z: 4.2217546}
  m_Center: {x: 20.436855, y: 45.608837, z: 0.42230728}
--- !u!65 &4193180359057437640
BoxCollider:
  m_ObjectHideFlags: 0
  m_CorrespondingSourceObject: {fileID: 0}
  m_PrefabInstance: {fileID: 0}
  m_PrefabAsset: {fileID: 0}
  m_GameObject: {fileID: 5038528400078370981}
  m_Material: {fileID: 0}
  m_IsTrigger: 0
  m_Enabled: 1
  serializedVersion: 2
  m_Size: {x: 1.9401839, y: 90.78824, z: 4.2217546}
  m_Center: {x: 26.733988, y: 45.608837, z: 0.4223073}
--- !u!65 &2404861088320268427
BoxCollider:
  m_ObjectHideFlags: 0
  m_CorrespondingSourceObject: {fileID: 0}
  m_PrefabInstance: {fileID: 0}
  m_PrefabAsset: {fileID: 0}
  m_GameObject: {fileID: 5038528400078370981}
  m_Material: {fileID: 0}
  m_IsTrigger: 0
  m_Enabled: 1
  serializedVersion: 2
  m_Size: {x: 2.7266464, y: 90.78824, z: 4.2217546}
  m_Center: {x: -23.130806, y: 45.608837, z: 0.42230728}
--- !u!65 &4943457878261246290
BoxCollider:
  m_ObjectHideFlags: 0
  m_CorrespondingSourceObject: {fileID: 0}
  m_PrefabInstance: {fileID: 0}
  m_PrefabAsset: {fileID: 0}
  m_GameObject: {fileID: 5038528400078370981}
  m_Material: {fileID: 0}
  m_IsTrigger: 0
  m_Enabled: 1
  serializedVersion: 2
  m_Size: {x: 2.720775, y: 90.78824, z: 4.2217546}
  m_Center: {x: -29.046577, y: 45.608837, z: 0.42230728}
--- !u!65 &8476743831020239387
BoxCollider:
  m_ObjectHideFlags: 0
  m_CorrespondingSourceObject: {fileID: 0}
  m_PrefabInstance: {fileID: 0}
  m_PrefabAsset: {fileID: 0}
  m_GameObject: {fileID: 5038528400078370981}
  m_Material: {fileID: 0}
  m_IsTrigger: 0
  m_Enabled: 1
  serializedVersion: 2
  m_Size: {x: 2.2981045, y: 90.78824, z: 4.2217546}
  m_Center: {x: -34.65236, y: 45.608837, z: 0.42230728}
--- !u!1 &7504576871390155823
GameObject:
  m_ObjectHideFlags: 0
  m_CorrespondingSourceObject: {fileID: 0}
  m_PrefabInstance: {fileID: 0}
  m_PrefabAsset: {fileID: 0}
  serializedVersion: 6
  m_Component:
  - component: {fileID: 8674744720629029511}
  - component: {fileID: 285989543831870970}
  - component: {fileID: 557327616362140969}
  m_Layer: 8
  m_Name: jail_door_wall
  m_TagString: Untagged
  m_Icon: {fileID: 0}
  m_NavMeshLayer: 0
  m_StaticEditorFlags: 0
  m_IsActive: 1
--- !u!4 &8674744720629029511
Transform:
  m_ObjectHideFlags: 0
  m_CorrespondingSourceObject: {fileID: 0}
  m_PrefabInstance: {fileID: 0}
  m_PrefabAsset: {fileID: 0}
  m_GameObject: {fileID: 7504576871390155823}
  m_LocalRotation: {x: 0, y: -0, z: -0, w: 1}
  m_LocalPosition: {x: -0, y: 0, z: 0}
  m_LocalScale: {x: 1, y: 1, z: 1}
  m_Children: []
  m_Father: {fileID: 8338180765807643318}
  m_RootOrder: 0
  m_LocalEulerAnglesHint: {x: 0, y: 0, z: 0}
--- !u!33 &285989543831870970
MeshFilter:
  m_ObjectHideFlags: 0
  m_CorrespondingSourceObject: {fileID: 0}
  m_PrefabInstance: {fileID: 0}
  m_PrefabAsset: {fileID: 0}
  m_GameObject: {fileID: 7504576871390155823}
  m_Mesh: {fileID: 8075244167026215168, guid: 11a994c5f4fe8194d8299988f7783fd2, type: 3}
--- !u!23 &557327616362140969
MeshRenderer:
  m_ObjectHideFlags: 0
  m_CorrespondingSourceObject: {fileID: 0}
  m_PrefabInstance: {fileID: 0}
  m_PrefabAsset: {fileID: 0}
  m_GameObject: {fileID: 7504576871390155823}
  m_Enabled: 1
  m_CastShadows: 1
  m_ReceiveShadows: 1
  m_DynamicOccludee: 1
  m_MotionVectors: 1
  m_LightProbeUsage: 1
  m_ReflectionProbeUsage: 1
  m_RenderingLayerMask: 1
  m_RendererPriority: 0
  m_Materials:
  - {fileID: 2100000, guid: a02b541ac2ceedd40b597ea8c97434cc, type: 2}
  m_StaticBatchInfo:
    firstSubMesh: 0
    subMeshCount: 0
  m_StaticBatchRoot: {fileID: 0}
  m_ProbeAnchor: {fileID: 0}
  m_LightProbeVolumeOverride: {fileID: 0}
  m_ScaleInLightmap: 1
  m_ReceiveGI: 1
  m_PreserveUVs: 0
  m_IgnoreNormalsForChartDetection: 0
  m_ImportantGI: 0
  m_StitchLightmapSeams: 1
  m_SelectedEditorRenderState: 3
  m_MinimumChartSize: 4
  m_AutoUVMaxDistance: 0.5
  m_AutoUVMaxAngle: 89
  m_LightmapParameters: {fileID: 0}
  m_SortingLayerID: 0
  m_SortingLayer: 0
  m_SortingOrder: 0
