%YAML 1.1
%TAG !u! tag:unity3d.com,2011:
--- !u!65 &5022313712477904057
BoxCollider:
  m_ObjectHideFlags: 0
  m_CorrespondingSourceObject: {fileID: 0}
  m_PrefabInstance: {fileID: 0}
  m_PrefabAsset: {fileID: 0}
  m_GameObject: {fileID: 5022313712103354529}
  m_Material: {fileID: 0}
  m_IsTrigger: 1
  m_Enabled: 1
  serializedVersion: 2
  m_Size: {x: 1.4772965, y: 1.5872887, z: 1}
  m_Center: {x: -0.04829708, y: -0.07201504, z: 0.000000008522191}
--- !u!1 &5022313712829631012
GameObject:
  m_ObjectHideFlags: 0
  m_CorrespondingSourceObject: {fileID: 0}
  m_PrefabInstance: {fileID: 0}
  m_PrefabAsset: {fileID: 0}
  serializedVersion: 6
  m_Component:
  - component: {fileID: 5022313712829631017}
  - component: {fileID: 5022313712829631016}
  - component: {fileID: 5022313712829631019}
  - component: {fileID: 5022313712829631018}
  - component: {fileID: 5022313712829631013}
  - component: {fileID: 5022313712829631023}
  - component: {fileID: 6620862341103196345}
  m_Layer: 8
  m_Name: ExplodingLamp 1
  m_TagString: lamp
  m_Icon: {fileID: 0}
  m_NavMeshLayer: 0
  m_StaticEditorFlags: 0
  m_IsActive: 1
--- !u!4 &5022313712829631017
Transform:
  m_ObjectHideFlags: 0
  m_CorrespondingSourceObject: {fileID: 0}
  m_PrefabInstance: {fileID: 0}
  m_PrefabAsset: {fileID: 0}
  m_GameObject: {fileID: 5022313712829631012}
  m_LocalRotation: {x: 0, y: 0, z: 0, w: 1}
  m_LocalPosition: {x: 21.381, y: 4.2047, z: -23.893}
  m_LocalScale: {x: 0.71208143, y: 1.4189646, z: 0.71208143}
  m_Children:
  - {fileID: 5022313712103191375}
  - {fileID: 303430365058536847}
  - {fileID: 5802944535495506405}
  - {fileID: 1382324438925107341}
  - {fileID: 4294979973847608734}
  m_Father: {fileID: 0}
  m_RootOrder: 0
  m_LocalEulerAnglesHint: {x: 0, y: 0, z: 0}
--- !u!33 &5022313712829631016
MeshFilter:
  m_ObjectHideFlags: 0
  m_CorrespondingSourceObject: {fileID: 0}
  m_PrefabInstance: {fileID: 0}
  m_PrefabAsset: {fileID: 0}
  m_GameObject: {fileID: 5022313712829631012}
  m_Mesh: {fileID: 10202, guid: 0000000000000000e000000000000000, type: 0}
--- !u!23 &5022313712829631019
MeshRenderer:
  m_ObjectHideFlags: 0
  m_CorrespondingSourceObject: {fileID: 0}
  m_PrefabInstance: {fileID: 0}
  m_PrefabAsset: {fileID: 0}
  m_GameObject: {fileID: 5022313712829631012}
  m_Enabled: 0
  m_CastShadows: 1
  m_ReceiveShadows: 1
  m_DynamicOccludee: 1
  m_MotionVectors: 1
  m_LightProbeUsage: 1
  m_ReflectionProbeUsage: 1
  m_RenderingLayerMask: 1
  m_RendererPriority: 0
  m_Materials:
  - {fileID: 0}
  m_StaticBatchInfo:
    firstSubMesh: 0
    subMeshCount: 0
  m_StaticBatchRoot: {fileID: 0}
  m_ProbeAnchor: {fileID: 0}
  m_LightProbeVolumeOverride: {fileID: 0}
  m_ScaleInLightmap: 1
  m_ReceiveGI: 1
  m_PreserveUVs: 0
  m_IgnoreNormalsForChartDetection: 0
  m_ImportantGI: 0
  m_StitchLightmapSeams: 1
  m_SelectedEditorRenderState: 3
  m_MinimumChartSize: 4
  m_AutoUVMaxDistance: 0.5
  m_AutoUVMaxAngle: 89
  m_LightmapParameters: {fileID: 0}
  m_SortingLayerID: 0
  m_SortingLayer: 0
  m_SortingOrder: 0
--- !u!65 &5022313712829631018
BoxCollider:
  m_ObjectHideFlags: 0
  m_CorrespondingSourceObject: {fileID: 0}
  m_PrefabInstance: {fileID: 0}
  m_PrefabAsset: {fileID: 0}
  m_GameObject: {fileID: 5022313712829631012}
  m_Material: {fileID: 0}
  m_IsTrigger: 1
  m_Enabled: 1
  serializedVersion: 2
  m_Size: {x: 1.3182807, y: 1.1873472, z: 1.33}
  m_Center: {x: -0.043856066, y: 0.02367345, z: 0}
--- !u!54 &5022313712829631013
Rigidbody:
  m_ObjectHideFlags: 0
  m_CorrespondingSourceObject: {fileID: 0}
  m_PrefabInstance: {fileID: 0}
  m_PrefabAsset: {fileID: 0}
  m_GameObject: {fileID: 5022313712829631012}
  serializedVersion: 2
  m_Mass: 0.0000001
  m_Drag: 0
  m_AngularDrag: 0.05
  m_UseGravity: 1
  m_IsKinematic: 1
  m_Interpolate: 0
  m_Constraints: 0
  m_CollisionDetection: 3
--- !u!65 &5022313712829631023
BoxCollider:
  m_ObjectHideFlags: 0
  m_CorrespondingSourceObject: {fileID: 0}
  m_PrefabInstance: {fileID: 0}
  m_PrefabAsset: {fileID: 0}
  m_GameObject: {fileID: 5022313712829631012}
  m_Material: {fileID: 0}
  m_IsTrigger: 0
  m_Enabled: 1
  serializedVersion: 2
  m_Size: {x: 1, y: 1, z: 1}
  m_Center: {x: 0, y: 0, z: 0}
--- !u!114 &6620862341103196345
MonoBehaviour:
  m_ObjectHideFlags: 0
  m_CorrespondingSourceObject: {fileID: 0}
  m_PrefabInstance: {fileID: 0}
  m_PrefabAsset: {fileID: 0}
  m_GameObject: {fileID: 5022313712829631012}
  m_Enabled: 1
  m_EditorHideFlags: 0
  m_Script: {fileID: 1384774831, guid: e743331561ef77147ae48cda9bcb8209, type: 3}
  m_Name: 
  m_EditorClassIdentifier: 
  fsm:
    dataVersion: 2
    usedInTemplate: {fileID: 0}
    name: FSM
    startState: State 1
    states:
    - name: State 1
      description: 
      colorIndex: 0
      position:
        serializedVersion: 2
        x: 50
        y: 100
        width: 100
        height: 32
      isBreakpoint: 0
      isSequence: 0
      hideUnused: 0
      transitions:
      - fsmEvent:
          name: entered
          isSystemEvent: 0
          isGlobal: 0
        toState: State 2
        linkStyle: 0
        linkConstraint: 0
        colorIndex: 0
      actionData:
        actionNames:
        - HutongGames.PlayMaker.Actions.TriggerEvent
        customNames:
        - 
        actionEnabled: 01
        actionIsOpen: 01
        actionStartIndex: 00000000
        actionHashCodes: 9c512400
        unityObjectParams: []
        fsmGameObjectParams:
        - useVariable: 1
          name: 
          tooltip: 
          showInInspector: 0
          networkSync: 0
          value: {fileID: 0}
        fsmOwnerDefaultParams:
        - ownerOption: 0
          gameObject:
            useVariable: 0
            name: 
            tooltip: 
            showInInspector: 0
            networkSync: 0
            value: {fileID: 0}
        animationCurveParams: []
        functionCallParams: []
        fsmTemplateControlParams: []
        fsmEventTargetParams: []
        fsmPropertyParams: []
        layoutOptionParams: []
        fsmStringParams:
        - useVariable: 0
          name: 
          tooltip: 
          showInInspector: 0
          networkSync: 0
          value: BouncingBullet
        fsmObjectParams: []
        fsmVarParams: []
        fsmArrayParams: []
        fsmEnumParams: []
        fsmFloatParams: []
        fsmIntParams: []
        fsmBoolParams: []
        fsmVector2Params: []
        fsmVector3Params: []
        fsmColorParams: []
        fsmRectParams: []
        fsmQuaternionParams: []
        stringParams:
        - entered
        byteData: 00000000
        arrayParamSizes: 
        arrayParamTypes: []
        customTypeSizes: 
        customTypeNames: []
        paramDataType: 1400000007000000120000001700000013000000
        paramName:
        - gameObject
        - trigger
        - collideTag
        - sendEvent
        - storeCollider
        paramDataPos: 0000000000000000000000000000000000000000
        paramByteDataSize: 0000000004000000000000000000000000000000
    - name: State 2
      description: 
      colorIndex: 0
      position:
        serializedVersion: 2
        x: 293
        y: 128
        width: 100
        height: 32
      isBreakpoint: 0
      isSequence: 0
      hideUnused: 0
      transitions:
      - fsmEvent:
          name: lll
          isSystemEvent: 0
          isGlobal: 0
        toState: State 3
        linkStyle: 0
        linkConstraint: 0
        colorIndex: 0
      actionData:
        actionNames:
        - HutongGames.PlayMaker.Actions.DestroyObject
        - HutongGames.PlayMaker.Actions.DestroyObject
        - HutongGames.PlayMaker.Actions.ParticleSystemPlay
        - HutongGames.PlayMaker.Actions.SetProperty
        - HutongGames.PlayMaker.Actions.Wait
        customNames:
        - 
        - 
        - 
        - 
        - 
        actionEnabled: 0101010101
        actionIsOpen: 0101010101
        actionStartIndex: 000000000300000006000000080000000a000000
        actionHashCodes: 9ff80c029ff80c0215264c015ac8520448c01101
        unityObjectParams: []
        fsmGameObjectParams:
        - useVariable: 0
          name: 
          tooltip: 
          showInInspector: 0
          networkSync: 0
          value: {fileID: 1382324438925107340}
        - useVariable: 0
          name: 
          tooltip: 
          showInInspector: 0
          networkSync: 0
          value: {fileID: 3633658983139993500}
        fsmOwnerDefaultParams:
        - ownerOption: 1
          gameObject:
            useVariable: 0
            name: 
            tooltip: 
            showInInspector: 0
            networkSync: 0
            value: {fileID: 5802944535495506402}
        animationCurveParams: []
        functionCallParams: []
        fsmTemplateControlParams: []
        fsmEventTargetParams: []
        fsmPropertyParams:
        - TargetObject:
            useVariable: 0
            name: 
            tooltip: 
            showInInspector: 0
            networkSync: 0
            typeName: UnityEngine.Object
            value: {fileID: 850511078420960437}
          TargetTypeName: UnityEngine.BoxCollider
          PropertyName: enabled
          BoolParameter:
            useVariable: 0
            name: 
            tooltip: 
            showInInspector: 0
            networkSync: 0
            value: 1
          FloatParameter:
            useVariable: 0
            name: 
            tooltip: 
            showInInspector: 0
            networkSync: 0
            value: 0
          IntParameter:
            useVariable: 0
            name: 
            tooltip: 
            showInInspector: 0
            networkSync: 0
            value: 0
          GameObjectParameter:
            useVariable: 0
            name: 
            tooltip: 
            showInInspector: 0
            networkSync: 0
            value: {fileID: 0}
          StringParameter:
            useVariable: 0
            name: 
            tooltip: 
            showInInspector: 0
            networkSync: 0
            value: 
          Vector2Parameter:
            useVariable: 0
            name: 
            tooltip: 
            showInInspector: 0
            networkSync: 0
            value: {x: 0, y: 0}
          Vector3Parameter:
            useVariable: 0
            name: 
            tooltip: 
            showInInspector: 0
            networkSync: 0
            value: {x: 0, y: 0, z: 0}
          RectParamater:
            useVariable: 0
            name: 
            tooltip: 
            showInInspector: 0
            networkSync: 0
            value:
              serializedVersion: 2
              x: 0
              y: 0
              width: 0
              height: 0
          QuaternionParameter:
            useVariable: 0
            name: 
            tooltip: 
            showInInspector: 0
            networkSync: 0
            value: {x: 0, y: 0, z: 0, w: 0}
          ObjectParameter:
            useVariable: 0
            name: 
            tooltip: 
            showInInspector: 0
            networkSync: 0
            typeName: System.Boolean
            value: {fileID: 0}
          MaterialParameter:
            useVariable: 0
            name: 
            tooltip: 
            showInInspector: 0
            networkSync: 0
            typeName: 
            value: {fileID: 0}
          TextureParameter:
            useVariable: 0
            name: 
            tooltip: 
            showInInspector: 0
            networkSync: 0
            typeName: 
            value: {fileID: 0}
          ColorParameter:
            useVariable: 0
            name: 
            tooltip: 
            showInInspector: 0
            networkSync: 0
            value: {r: 0, g: 0, b: 0, a: 1}
          EnumParameter:
            useVariable: 0
            name: 
            tooltip: 
            showInInspector: 0
            networkSync: 0
            enumName: HutongGames.PlayMaker.None
            intValue: 0
          ArrayParameter:
            useVariable: 0
            name: 
            tooltip: 
            showInInspector: 0
            networkSync: 0
            type: -1
            objectTypeName: UnityEngine.Object
            floatValues: []
            intValues: 
            boolValues: 
            stringValues: []
            vector4Values: []
            objectReferences: []
          setProperty: 1
        layoutOptionParams: []
        fsmStringParams: []
        fsmObjectParams: []
        fsmVarParams: []
        fsmArrayParams: []
        fsmEnumParams: []
        fsmFloatParams:
        - useVariable: 0
          name: 
          tooltip: 
          showInInspector: 0
          networkSync: 0
          value: 0
        - useVariable: 0
          name: 
          tooltip: 
          showInInspector: 0
          networkSync: 0
          value: 0
        - useVariable: 0
          name: 
          tooltip: 
          showInInspector: 0
          networkSync: 0
          value: 1
        fsmIntParams: []
        fsmBoolParams:
        - useVariable: 0
          name: 
          tooltip: 
          showInInspector: 0
          networkSync: 0
          value: 0
        - useVariable: 0
          name: 
          tooltip: 
          showInInspector: 0
          networkSync: 0
          value: 0
        - useVariable: 0
          name: 
          tooltip: 
          showInInspector: 0
          networkSync: 0
          value: 0
        fsmVector2Params: []
        fsmVector3Params: []
        fsmColorParams: []
        fsmRectParams: []
        fsmQuaternionParams: []
        stringParams:
        - lll
        byteData: 0000
        arrayParamSizes: 
        arrayParamTypes: []
        customTypeSizes: 
        customTypeNames: []
        paramDataType: 130000000f00000011000000130000000f00000011000000140000001100000024000000010000000f0000001700000001000000
        paramName:
        - gameObject
        - delay
        - detachChildren
        - gameObject
        - delay
        - detachChildren
        - gameObject
        - stopOnExit
        - targetProperty
        - everyFrame
        - time
        - finishEvent
        - realTime
        paramDataPos: 00000000000000000000000001000000010000000100000000000000020000000000000000000000020000000000000001000000
        paramByteDataSize: 00000000000000000000000000000000000000000000000000000000000000000000000001000000000000000000000001000000
    - name: State 3
      description: 
      colorIndex: 0
      position:
        serializedVersion: 2
        x: 501.0638
        y: 130.85106
        width: 100
        height: 16
      isBreakpoint: 0
      isSequence: 0
      hideUnused: 0
      transitions: []
      actionData:
        actionNames:
        - HutongGames.PlayMaker.Actions.DestroySelf
        customNames:
        - 
        actionEnabled: 01
        actionIsOpen: 01
        actionStartIndex: 00000000
        actionHashCodes: 62f95203
        unityObjectParams: []
        fsmGameObjectParams: []
        fsmOwnerDefaultParams: []
        animationCurveParams: []
        functionCallParams: []
        fsmTemplateControlParams: []
        fsmEventTargetParams: []
        fsmPropertyParams: []
        layoutOptionParams: []
        fsmStringParams: []
        fsmObjectParams: []
        fsmVarParams: []
        fsmArrayParams: []
        fsmEnumParams: []
        fsmFloatParams: []
        fsmIntParams: []
        fsmBoolParams:
        - useVariable: 0
          name: 
          tooltip: 
          showInInspector: 0
          networkSync: 0
          value: 0
        fsmVector2Params: []
        fsmVector3Params: []
        fsmColorParams: []
        fsmRectParams: []
        fsmQuaternionParams: []
        stringParams: []
        byteData: 
        arrayParamSizes: 
        arrayParamTypes: []
        customTypeSizes: 
        customTypeNames: []
        paramDataType: 11000000
        paramName:
        - detachChildren
        paramDataPos: 00000000
        paramByteDataSize: 00000000
    events:
    - name: entered
      isSystemEvent: 0
      isGlobal: 0
    - name: lll
      isSystemEvent: 0
      isGlobal: 0
    globalTransitions: []
    variables:
      floatVariables: []
      intVariables: []
      boolVariables: []
      stringVariables: []
      vector2Variables: []
      vector3Variables: []
      colorVariables: []
      rectVariables: []
      quaternionVariables: []
      gameObjectVariables: []
      objectVariables: []
      materialVariables: []
      textureVariables: []
      arrayVariables: []
      enumVariables: []
      categories:
      - 
      variableCategoryIDs: 
    description: 
    docUrl: 
    showStateLabel: 0
    maxLoopCount: 0
    watermark: 
    password: 
    locked: 0
    manualUpdate: 0
    keepDelayedEventsOnStateExit: 0
    preprocessed: 0
    ExposedEvents: []
    RestartOnEnable: 1
    EnableDebugFlow: 0
    EnableBreakpoints: 1
    editorFlags: 1
    activeStateName: 
    mouseEvents: 0
    handleLevelLoaded: 0
    handleTriggerEnter2D: 0
    handleTriggerExit2D: 0
    handleTriggerStay2D: 0
    handleCollisionEnter2D: 0
    handleCollisionExit2D: 0
    handleCollisionStay2D: 0
    handleTriggerEnter: 0
    handleTriggerExit: 0
    handleTriggerStay: 0
    handleCollisionEnter: 0
    handleCollisionExit: 0
    handleCollisionStay: 0
    handleParticleCollision: 0
    handleControllerColliderHit: 0
    handleJointBreak: 0
    handleJointBreak2D: 0
    handleOnGUI: 0
    handleFixedUpdate: 0
    handleLateUpdate: 0
    handleApplicationEvents: 0
    handleUiEvents: 0
    handleLegacyNetworking: 0
    handleAnimatorMove: 0
    handleAnimatorIK: 0
  fsmTemplate: {fileID: 0}
  eventHandlerComponentsAdded: 0
--- !u!65 &850511078420960437
BoxCollider:
  m_ObjectHideFlags: 0
  m_CorrespondingSourceObject: {fileID: 0}
  m_PrefabInstance: {fileID: 0}
  m_PrefabAsset: {fileID: 0}
  m_GameObject: {fileID: 5802944535495506402}
  m_Material: {fileID: 0}
  m_IsTrigger: 1
  m_Enabled: 0
  serializedVersion: 2
  m_Size: {x: 4, y: 2.0159745, z: 4}
  m_Center: {x: 0, y: 0.4920127, z: 0}
--- !u!1 &6923747444941481522
GameObject:
  m_ObjectHideFlags: 0
  m_CorrespondingSourceObject: {fileID: 0}
  m_PrefabInstance: {fileID: 0}
  m_PrefabAsset: {fileID: 0}
  serializedVersion: 6
  m_Component:
  - component: {fileID: 4294979973847608734}
  - component: {fileID: 1936611285219261484}
  m_Layer: 0
  m_Name: Directional Light (2)
  m_TagString: Untagged
  m_Icon: {fileID: 0}
  m_NavMeshLayer: 0
  m_StaticEditorFlags: 0
  m_IsActive: 1
--- !u!4 &4294979973847608734
Transform:
  m_ObjectHideFlags: 0
  m_CorrespondingSourceObject: {fileID: 0}
  m_PrefabInstance: {fileID: 0}
  m_PrefabAsset: {fileID: 0}
  m_GameObject: {fileID: 6923747444941481522}
  m_LocalRotation: {x: -0, y: 0.34906915, z: -0, w: -0.937097}
  m_LocalPosition: {x: 0.05, y: -0.051815502, z: 0.88}
  m_LocalScale: {x: 0.0042333426, y: 0.0021244248, z: 0.0042333426}
  m_Children: []
  m_Father: {fileID: 5022313712829631017}
  m_RootOrder: 4
  m_LocalEulerAnglesHint: {x: 0, y: 109.13901, z: 0}
--- !u!108 &1936611285219261484
Light:
  m_ObjectHideFlags: 0
  m_CorrespondingSourceObject: {fileID: 0}
  m_PrefabInstance: {fileID: 0}
  m_PrefabAsset: {fileID: 0}
  m_GameObject: {fileID: 6923747444941481522}
  m_Enabled: 1
  serializedVersion: 9
  m_Type: 2
  m_Color: {r: 1, g: 1, b: 1, a: 1}
  m_Intensity: 4.61
  m_Range: 10
  m_SpotAngle: 30
  m_InnerSpotAngle: 21.80208
  m_CookieSize: 10
  m_Shadows:
    m_Type: 0
    m_Resolution: -1
    m_CustomResolution: -1
    m_Strength: 1
    m_Bias: 0.05
    m_NormalBias: 0.4
    m_NearPlane: 0.2
    m_CullingMatrixOverride:
      e00: 1
      e01: 0
      e02: 0
      e03: 0
      e10: 0
      e11: 1
      e12: 0
      e13: 0
      e20: 0
      e21: 0
      e22: 1
      e23: 0
      e30: 0
      e31: 0
      e32: 0
      e33: 1
    m_UseCullingMatrixOverride: 0
  m_Cookie: {fileID: 0}
  m_DrawHalo: 0
  m_Flare: {fileID: 0}
  m_RenderMode: 0
  m_CullingMask:
    serializedVersion: 2
    m_Bits: 4294967295
  m_RenderingLayerMask: 1
  m_Lightmapping: 2
  m_LightShadowCasterMode: 0
  m_AreaSize: {x: 1, y: 1}
  m_BounceIntensity: 1
  m_ColorTemperature: 6570
  m_UseColorTemperature: 0
  m_BoundingSphereOverride: {x: 0, y: 0, z: 0, w: 0}
  m_UseBoundingSphereOverride: 0
  m_ShadowRadius: 0
  m_ShadowAngle: 0
--- !u!1001 &1048614276505973357
PrefabInstance:
  m_ObjectHideFlags: 0
  serializedVersion: 2
  m_Modification:
    m_TransformParent: {fileID: 5022313712829631017}
    m_Modifications:
    - target: {fileID: 6774925048370842511, guid: da1981e9cc0c73f41bcc537c9fb46046,
        type: 3}
      propertyPath: m_Name
      value: BoomParticleEffect
      objectReference: {fileID: 0}
    - target: {fileID: 6774925048370842511, guid: da1981e9cc0c73f41bcc537c9fb46046,
        type: 3}
      propertyPath: m_TagString
      value: explosion
      objectReference: {fileID: 0}
    - target: {fileID: 6774925048370842504, guid: da1981e9cc0c73f41bcc537c9fb46046,
        type: 3}
      propertyPath: m_LocalPosition.x
      value: 0
      objectReference: {fileID: 0}
    - target: {fileID: 6774925048370842504, guid: da1981e9cc0c73f41bcc537c9fb46046,
        type: 3}
      propertyPath: m_LocalPosition.y
      value: 0
      objectReference: {fileID: 0}
    - target: {fileID: 6774925048370842504, guid: da1981e9cc0c73f41bcc537c9fb46046,
        type: 3}
      propertyPath: m_LocalPosition.z
      value: 0
      objectReference: {fileID: 0}
    - target: {fileID: 6774925048370842504, guid: da1981e9cc0c73f41bcc537c9fb46046,
        type: 3}
      propertyPath: m_LocalRotation.x
      value: 0
      objectReference: {fileID: 0}
    - target: {fileID: 6774925048370842504, guid: da1981e9cc0c73f41bcc537c9fb46046,
        type: 3}
      propertyPath: m_LocalRotation.y
      value: 0
      objectReference: {fileID: 0}
    - target: {fileID: 6774925048370842504, guid: da1981e9cc0c73f41bcc537c9fb46046,
        type: 3}
      propertyPath: m_LocalRotation.z
      value: 0
      objectReference: {fileID: 0}
    - target: {fileID: 6774925048370842504, guid: da1981e9cc0c73f41bcc537c9fb46046,
        type: 3}
      propertyPath: m_LocalRotation.w
      value: 1
      objectReference: {fileID: 0}
    - target: {fileID: 6774925048370842504, guid: da1981e9cc0c73f41bcc537c9fb46046,
        type: 3}
      propertyPath: m_RootOrder
      value: 2
      objectReference: {fileID: 0}
    - target: {fileID: 6774925048370842504, guid: da1981e9cc0c73f41bcc537c9fb46046,
        type: 3}
      propertyPath: m_LocalEulerAnglesHint.x
      value: 0
      objectReference: {fileID: 0}
    - target: {fileID: 6774925048370842504, guid: da1981e9cc0c73f41bcc537c9fb46046,
        type: 3}
      propertyPath: m_LocalEulerAnglesHint.y
      value: 0
      objectReference: {fileID: 0}
    - target: {fileID: 6774925048370842504, guid: da1981e9cc0c73f41bcc537c9fb46046,
        type: 3}
      propertyPath: m_LocalEulerAnglesHint.z
      value: 0
      objectReference: {fileID: 0}
    - target: {fileID: 5340819902756147465, guid: da1981e9cc0c73f41bcc537c9fb46046,
        type: 3}
      propertyPath: looping
      value: 1
      objectReference: {fileID: 0}
    m_RemovedComponents: []
  m_SourcePrefab: {fileID: 100100000, guid: da1981e9cc0c73f41bcc537c9fb46046, type: 3}
--- !u!1 &5802944535495506402 stripped
GameObject:
  m_CorrespondingSourceObject: {fileID: 6774925048370842511, guid: da1981e9cc0c73f41bcc537c9fb46046,
    type: 3}
  m_PrefabInstance: {fileID: 1048614276505973357}
  m_PrefabAsset: {fileID: 0}
--- !u!4 &5802944535495506405 stripped
Transform:
  m_CorrespondingSourceObject: {fileID: 6774925048370842504, guid: da1981e9cc0c73f41bcc537c9fb46046,
    type: 3}
  m_PrefabInstance: {fileID: 1048614276505973357}
  m_PrefabAsset: {fileID: 0}
--- !u!1001 &2174495385191734604
PrefabInstance:
  m_ObjectHideFlags: 0
  serializedVersion: 2
  m_Modification:
    m_TransformParent: {fileID: 5022313712829631017}
    m_Modifications:
    - target: {fileID: 937413690576911808, guid: 98056ab34b2958d418f170bb42db6fa8,
        type: 3}
      propertyPath: m_Name
      value: TargterParticleEffectCircle
      objectReference: {fileID: 0}
    - target: {fileID: 937413690576911809, guid: 98056ab34b2958d418f170bb42db6fa8,
        type: 3}
      propertyPath: m_LocalPosition.x
      value: 0
      objectReference: {fileID: 0}
    - target: {fileID: 937413690576911809, guid: 98056ab34b2958d418f170bb42db6fa8,
        type: 3}
      propertyPath: m_LocalPosition.y
      value: 0
      objectReference: {fileID: 0}
    - target: {fileID: 937413690576911809, guid: 98056ab34b2958d418f170bb42db6fa8,
        type: 3}
      propertyPath: m_LocalPosition.z
      value: 0
      objectReference: {fileID: 0}
    - target: {fileID: 937413690576911809, guid: 98056ab34b2958d418f170bb42db6fa8,
        type: 3}
      propertyPath: m_LocalRotation.x
      value: 0
      objectReference: {fileID: 0}
    - target: {fileID: 937413690576911809, guid: 98056ab34b2958d418f170bb42db6fa8,
        type: 3}
      propertyPath: m_LocalRotation.y
      value: 0
      objectReference: {fileID: 0}
    - target: {fileID: 937413690576911809, guid: 98056ab34b2958d418f170bb42db6fa8,
        type: 3}
      propertyPath: m_LocalRotation.z
      value: 0
      objectReference: {fileID: 0}
    - target: {fileID: 937413690576911809, guid: 98056ab34b2958d418f170bb42db6fa8,
        type: 3}
      propertyPath: m_LocalRotation.w
      value: 1
      objectReference: {fileID: 0}
    - target: {fileID: 937413690576911809, guid: 98056ab34b2958d418f170bb42db6fa8,
        type: 3}
      propertyPath: m_RootOrder
      value: 3
      objectReference: {fileID: 0}
    - target: {fileID: 937413690576911809, guid: 98056ab34b2958d418f170bb42db6fa8,
        type: 3}
      propertyPath: m_LocalEulerAnglesHint.x
      value: 0
      objectReference: {fileID: 0}
    - target: {fileID: 937413690576911809, guid: 98056ab34b2958d418f170bb42db6fa8,
        type: 3}
      propertyPath: m_LocalEulerAnglesHint.y
      value: 0
      objectReference: {fileID: 0}
    - target: {fileID: 937413690576911809, guid: 98056ab34b2958d418f170bb42db6fa8,
        type: 3}
      propertyPath: m_LocalEulerAnglesHint.z
      value: 0
      objectReference: {fileID: 0}
    - target: {fileID: 937413689495380538, guid: 98056ab34b2958d418f170bb42db6fa8,
        type: 3}
      propertyPath: m_Materials.Array.data[0]
      value: 
      objectReference: {fileID: 2100000, guid: 6a620d57f34bc6344be71b84c3d8c0bf, type: 2}
    - target: {fileID: 937413689495380538, guid: 98056ab34b2958d418f170bb42db6fa8,
        type: 3}
      propertyPath: m_Materials.Array.data[1]
      value: 
      objectReference: {fileID: 2100000, guid: 6a620d57f34bc6344be71b84c3d8c0bf, type: 2}
    m_RemovedComponents: []
  m_SourcePrefab: {fileID: 100100000, guid: 98056ab34b2958d418f170bb42db6fa8, type: 3}
--- !u!1 &1382324438925107340 stripped
GameObject:
  m_CorrespondingSourceObject: {fileID: 937413690576911808, guid: 98056ab34b2958d418f170bb42db6fa8,
    type: 3}
  m_PrefabInstance: {fileID: 2174495385191734604}
  m_PrefabAsset: {fileID: 0}
--- !u!4 &1382324438925107341 stripped
Transform:
  m_CorrespondingSourceObject: {fileID: 937413690576911809, guid: 98056ab34b2958d418f170bb42db6fa8,
    type: 3}
  m_PrefabInstance: {fileID: 2174495385191734604}
  m_PrefabAsset: {fileID: 0}
--- !u!1001 &4705334179841719957
PrefabInstance:
  m_ObjectHideFlags: 0
  serializedVersion: 2
  m_Modification:
    m_TransformParent: {fileID: 5022313712829631017}
    m_Modifications:
    - target: {fileID: -927199367670048503, guid: 4bea65327e5adaa4983c495e4390eb2b,
        type: 3}
      propertyPath: m_Name
      value: lantern 1
      objectReference: {fileID: 0}
    - target: {fileID: -4216859302048453862, guid: 4bea65327e5adaa4983c495e4390eb2b,
        type: 3}
      propertyPath: m_LocalPosition.x
      value: 0
      objectReference: {fileID: 0}
    - target: {fileID: -4216859302048453862, guid: 4bea65327e5adaa4983c495e4390eb2b,
        type: 3}
      propertyPath: m_LocalPosition.y
      value: -0.502
      objectReference: {fileID: 0}
    - target: {fileID: -4216859302048453862, guid: 4bea65327e5adaa4983c495e4390eb2b,
        type: 3}
      propertyPath: m_LocalPosition.z
      value: 0
      objectReference: {fileID: 0}
    - target: {fileID: -4216859302048453862, guid: 4bea65327e5adaa4983c495e4390eb2b,
        type: 3}
      propertyPath: m_LocalRotation.x
      value: -0
      objectReference: {fileID: 0}
    - target: {fileID: -4216859302048453862, guid: 4bea65327e5adaa4983c495e4390eb2b,
        type: 3}
      propertyPath: m_LocalRotation.y
      value: -0
      objectReference: {fileID: 0}
    - target: {fileID: -4216859302048453862, guid: 4bea65327e5adaa4983c495e4390eb2b,
        type: 3}
      propertyPath: m_LocalRotation.z
      value: -0
      objectReference: {fileID: 0}
    - target: {fileID: -4216859302048453862, guid: 4bea65327e5adaa4983c495e4390eb2b,
        type: 3}
      propertyPath: m_LocalRotation.w
      value: 1
      objectReference: {fileID: 0}
    - target: {fileID: -4216859302048453862, guid: 4bea65327e5adaa4983c495e4390eb2b,
        type: 3}
      propertyPath: m_RootOrder
      value: 1
      objectReference: {fileID: 0}
    - target: {fileID: -4216859302048453862, guid: 4bea65327e5adaa4983c495e4390eb2b,
        type: 3}
      propertyPath: m_LocalEulerAnglesHint.x
      value: 0
      objectReference: {fileID: 0}
    - target: {fileID: -4216859302048453862, guid: 4bea65327e5adaa4983c495e4390eb2b,
        type: 3}
      propertyPath: m_LocalEulerAnglesHint.y
      value: 0
      objectReference: {fileID: 0}
    - target: {fileID: -4216859302048453862, guid: 4bea65327e5adaa4983c495e4390eb2b,
        type: 3}
      propertyPath: m_LocalEulerAnglesHint.z
      value: 0
      objectReference: {fileID: 0}
    - target: {fileID: -4216859302048453862, guid: 4bea65327e5adaa4983c495e4390eb2b,
        type: 3}
      propertyPath: m_LocalScale.x
      value: 1.1848398
      objectReference: {fileID: 0}
    - target: {fileID: -4216859302048453862, guid: 4bea65327e5adaa4983c495e4390eb2b,
        type: 3}
      propertyPath: m_LocalScale.y
      value: 0.59459025
      objectReference: {fileID: 0}
    - target: {fileID: -4216859302048453862, guid: 4bea65327e5adaa4983c495e4390eb2b,
        type: 3}
      propertyPath: m_LocalScale.z
      value: 1.1848398
      objectReference: {fileID: 0}
    - target: {fileID: 5452068790998213776, guid: 4bea65327e5adaa4983c495e4390eb2b,
        type: 3}
      propertyPath: m_Materials.Array.data[0]
      value: 
      objectReference: {fileID: 2100000, guid: 6a620d57f34bc6344be71b84c3d8c0bf, type: 2}
    - target: {fileID: 2726396221703951952, guid: 4bea65327e5adaa4983c495e4390eb2b,
        type: 3}
      propertyPath: m_Materials.Array.data[0]
      value: 
      objectReference: {fileID: 2100000, guid: 6a620d57f34bc6344be71b84c3d8c0bf, type: 2}
    - target: {fileID: 2744942031540792893, guid: 4bea65327e5adaa4983c495e4390eb2b,
        type: 3}
      propertyPath: m_Materials.Array.data[0]
      value: 
      objectReference: {fileID: 2100000, guid: 6a620d57f34bc6344be71b84c3d8c0bf, type: 2}
    m_RemovedComponents: []
  m_SourcePrefab: {fileID: 100100000, guid: 4bea65327e5adaa4983c495e4390eb2b, type: 3}
--- !u!1 &3633658983139993500 stripped
GameObject:
  m_CorrespondingSourceObject: {fileID: -927199367670048503, guid: 4bea65327e5adaa4983c495e4390eb2b,
    type: 3}
  m_PrefabInstance: {fileID: 4705334179841719957}
  m_PrefabAsset: {fileID: 0}
--- !u!4 &303430365058536847 stripped
Transform:
  m_CorrespondingSourceObject: {fileID: -4216859302048453862, guid: 4bea65327e5adaa4983c495e4390eb2b,
    type: 3}
  m_PrefabInstance: {fileID: 4705334179841719957}
  m_PrefabAsset: {fileID: 0}
--- !u!1001 &5022313712103259687
PrefabInstance:
  m_ObjectHideFlags: 0
  serializedVersion: 2
  m_Modification:
    m_TransformParent: {fileID: 5022313712829631017}
    m_Modifications:
    - target: {fileID: 462184, guid: a11dc34cafe3dfd4facb59cfb4e72de8, type: 3}
      propertyPath: m_LocalPosition.x
      value: 0.042182602
      objectReference: {fileID: 0}
    - target: {fileID: 462184, guid: a11dc34cafe3dfd4facb59cfb4e72de8, type: 3}
      propertyPath: m_LocalPosition.y
      value: -0.38102537
      objectReference: {fileID: 0}
    - target: {fileID: 462184, guid: a11dc34cafe3dfd4facb59cfb4e72de8, type: 3}
      propertyPath: m_LocalPosition.z
      value: -0.07678231
      objectReference: {fileID: 0}
    - target: {fileID: 462184, guid: a11dc34cafe3dfd4facb59cfb4e72de8, type: 3}
      propertyPath: m_LocalRotation.x
      value: 0.7071068
      objectReference: {fileID: 0}
    - target: {fileID: 462184, guid: a11dc34cafe3dfd4facb59cfb4e72de8, type: 3}
      propertyPath: m_LocalRotation.y
      value: -0
      objectReference: {fileID: 0}
    - target: {fileID: 462184, guid: a11dc34cafe3dfd4facb59cfb4e72de8, type: 3}
      propertyPath: m_LocalRotation.z
      value: -0
      objectReference: {fileID: 0}
    - target: {fileID: 462184, guid: a11dc34cafe3dfd4facb59cfb4e72de8, type: 3}
      propertyPath: m_LocalRotation.w
      value: 0.7071068
      objectReference: {fileID: 0}
    - target: {fileID: 462184, guid: a11dc34cafe3dfd4facb59cfb4e72de8, type: 3}
      propertyPath: m_RootOrder
      value: 0
      objectReference: {fileID: 0}
    - target: {fileID: 462184, guid: a11dc34cafe3dfd4facb59cfb4e72de8, type: 3}
      propertyPath: m_LocalEulerAnglesHint.x
      value: 0
      objectReference: {fileID: 0}
    - target: {fileID: 462184, guid: a11dc34cafe3dfd4facb59cfb4e72de8, type: 3}
      propertyPath: m_LocalEulerAnglesHint.y
      value: 0
      objectReference: {fileID: 0}
    - target: {fileID: 462184, guid: a11dc34cafe3dfd4facb59cfb4e72de8, type: 3}
      propertyPath: m_LocalEulerAnglesHint.z
      value: 0
      objectReference: {fileID: 0}
    - target: {fileID: 462184, guid: a11dc34cafe3dfd4facb59cfb4e72de8, type: 3}
      propertyPath: m_LocalScale.x
      value: 4.2181635
      objectReference: {fileID: 0}
    - target: {fileID: 462184, guid: a11dc34cafe3dfd4facb59cfb4e72de8, type: 3}
      propertyPath: m_LocalScale.y
      value: 4.2181654
      objectReference: {fileID: 0}
    - target: {fileID: 462184, guid: a11dc34cafe3dfd4facb59cfb4e72de8, type: 3}
      propertyPath: m_LocalScale.z
      value: 2.1168091
      objectReference: {fileID: 0}
    - target: {fileID: 167558, guid: a11dc34cafe3dfd4facb59cfb4e72de8, type: 3}
      propertyPath: m_Name
      value: Fx_OilSplashHIGH_Root
      objectReference: {fileID: 0}
    - target: {fileID: 167558, guid: a11dc34cafe3dfd4facb59cfb4e72de8, type: 3}
      propertyPath: m_TagString
      value: explosion
      objectReference: {fileID: 0}
    - target: {fileID: 167558, guid: a11dc34cafe3dfd4facb59cfb4e72de8, type: 3}
      propertyPath: m_IsActive
      value: 0
      objectReference: {fileID: 0}
    - target: {fileID: 19895328, guid: a11dc34cafe3dfd4facb59cfb4e72de8, type: 3}
      propertyPath: looping
      value: 1
      objectReference: {fileID: 0}
    - target: {fileID: 19895328, guid: a11dc34cafe3dfd4facb59cfb4e72de8, type: 3}
      propertyPath: playOnAwake
      value: 1
      objectReference: {fileID: 0}
    - target: {fileID: 19871042, guid: a11dc34cafe3dfd4facb59cfb4e72de8, type: 3}
      propertyPath: playOnAwake
      value: 1
      objectReference: {fileID: 0}
    - target: {fileID: 19837074, guid: a11dc34cafe3dfd4facb59cfb4e72de8, type: 3}
      propertyPath: playOnAwake
      value: 1
      objectReference: {fileID: 0}
    - target: {fileID: 19873364, guid: a11dc34cafe3dfd4facb59cfb4e72de8, type: 3}
      propertyPath: playOnAwake
      value: 1
      objectReference: {fileID: 0}
    - target: {fileID: 19885448, guid: a11dc34cafe3dfd4facb59cfb4e72de8, type: 3}
      propertyPath: playOnAwake
      value: 1
      objectReference: {fileID: 0}
    - target: {fileID: 19882294, guid: a11dc34cafe3dfd4facb59cfb4e72de8, type: 3}
      propertyPath: playOnAwake
      value: 1
      objectReference: {fileID: 0}
    - target: {fileID: 19814632, guid: a11dc34cafe3dfd4facb59cfb4e72de8, type: 3}
      propertyPath: playOnAwake
      value: 1
      objectReference: {fileID: 0}
    m_RemovedComponents: []
  m_SourcePrefab: {fileID: 100100000, guid: a11dc34cafe3dfd4facb59cfb4e72de8, type: 3}
--- !u!1 &5022313712103354529 stripped
GameObject:
  m_CorrespondingSourceObject: {fileID: 167558, guid: a11dc34cafe3dfd4facb59cfb4e72de8,
    type: 3}
  m_PrefabInstance: {fileID: 5022313712103259687}
  m_PrefabAsset: {fileID: 0}
--- !u!4 &5022313712103191375 stripped
Transform:
  m_CorrespondingSourceObject: {fileID: 462184, guid: a11dc34cafe3dfd4facb59cfb4e72de8,
    type: 3}
  m_PrefabInstance: {fileID: 5022313712103259687}
  m_PrefabAsset: {fileID: 0}
