%YAML 1.1
%TAG !u! tag:unity3d.com,2011:
--- !u!1 &2037920812335765980
GameObject:
  m_ObjectHideFlags: 0
  m_CorrespondingSourceObject: {fileID: 0}
  m_PrefabInstance: {fileID: 0}
  m_PrefabAsset: {fileID: 0}
  serializedVersion: 6
  m_Component:
  - component: {fileID: 5429988922899638493}
  m_Layer: 25
  m_Name: GameObject (1)
  m_TagString: Untagged
  m_Icon: {fileID: 0}
  m_NavMeshLayer: 0
  m_StaticEditorFlags: 0
  m_IsActive: 1
--- !u!4 &5429988922899638493
Transform:
  m_ObjectHideFlags: 0
  m_CorrespondingSourceObject: {fileID: 0}
  m_PrefabInstance: {fileID: 0}
  m_PrefabAsset: {fileID: 0}
  m_GameObject: {fileID: 2037920812335765980}
  m_LocalRotation: {x: 0, y: 0, z: 0, w: 1}
  m_LocalPosition: {x: 0, y: 37.6, z: -46.4}
  m_LocalScale: {x: 1, y: 1, z: 1}
  m_Children:
  - {fileID: 4053712522864915201}
  m_Father: {fileID: 2164663560157441017}
  m_RootOrder: 2
  m_LocalEulerAnglesHint: {x: 0, y: 0, z: 0}
--- !u!1 &2905164613722855914
GameObject:
  m_ObjectHideFlags: 0
  m_CorrespondingSourceObject: {fileID: 0}
  m_PrefabInstance: {fileID: 0}
  m_PrefabAsset: {fileID: 0}
  serializedVersion: 6
  m_Component:
  - component: {fileID: 2164663560157441017}
  m_Layer: 25
  m_Name: window
  m_TagString: Untagged
  m_Icon: {fileID: 0}
  m_NavMeshLayer: 0
  m_StaticEditorFlags: 0
  m_IsActive: 1
--- !u!4 &2164663560157441017
Transform:
  m_ObjectHideFlags: 0
  m_CorrespondingSourceObject: {fileID: 0}
  m_PrefabInstance: {fileID: 0}
  m_PrefabAsset: {fileID: 0}
  m_GameObject: {fileID: 2905164613722855914}
  m_LocalRotation: {x: 0, y: -0, z: -0, w: 1}
  m_LocalPosition: {x: -8.901, y: 5.6, z: -24.43}
  m_LocalScale: {x: 0.017319098, y: 0.017319098, z: 0.017319098}
  m_Children:
  - {fileID: 4277576532352343095}
  - {fileID: 3771131617607521746}
  - {fileID: 5429988922899638493}
  - {fileID: 33851387078496083}
  m_Father: {fileID: 0}
  m_RootOrder: 0
  m_LocalEulerAnglesHint: {x: 0, y: 0, z: 0}
--- !u!1 &7624610339995248491
GameObject:
  m_ObjectHideFlags: 0
  m_CorrespondingSourceObject: {fileID: 0}
  m_PrefabInstance: {fileID: 0}
  m_PrefabAsset: {fileID: 0}
  serializedVersion: 6
  m_Component:
  - component: {fileID: 33851387078496083}
  - component: {fileID: 6069669215554661037}
  - component: {fileID: 8891525335677132358}
  - component: {fileID: 8252176226437334385}
  m_Layer: 25
  m_Name: Plane
  m_TagString: Untagged
  m_Icon: {fileID: 0}
  m_NavMeshLayer: 0
  m_StaticEditorFlags: 0
  m_IsActive: 1
--- !u!4 &33851387078496083
Transform:
  m_ObjectHideFlags: 0
  m_CorrespondingSourceObject: {fileID: 0}
  m_PrefabInstance: {fileID: 0}
  m_PrefabAsset: {fileID: 0}
  m_GameObject: {fileID: 7624610339995248491}
  m_LocalRotation: {x: -0, y: -0, z: -0.70710707, w: 0.7071066}
  m_LocalPosition: {x: 5.3, y: 76.4, z: 0}
  m_LocalScale: {x: 15.666994, y: 18.379, z: 8.756859}
  m_Children: []
  m_Father: {fileID: 2164663560157441017}
  m_RootOrder: 3
  m_LocalEulerAnglesHint: {x: 0, y: 0, z: -90.00001}
--- !u!33 &6069669215554661037
MeshFilter:
  m_ObjectHideFlags: 0
  m_CorrespondingSourceObject: {fileID: 0}
  m_PrefabInstance: {fileID: 0}
  m_PrefabAsset: {fileID: 0}
  m_GameObject: {fileID: 7624610339995248491}
  m_Mesh: {fileID: 10209, guid: 0000000000000000e000000000000000, type: 0}
--- !u!23 &8891525335677132358
MeshRenderer:
  m_ObjectHideFlags: 0
  m_CorrespondingSourceObject: {fileID: 0}
  m_PrefabInstance: {fileID: 0}
  m_PrefabAsset: {fileID: 0}
  m_GameObject: {fileID: 7624610339995248491}
  m_Enabled: 1
  m_CastShadows: 1
  m_ReceiveShadows: 1
  m_DynamicOccludee: 1
  m_MotionVectors: 1
  m_LightProbeUsage: 1
  m_ReflectionProbeUsage: 1
  m_RenderingLayerMask: 1
  m_RendererPriority: 0
  m_Materials:
  - {fileID: 2100000, guid: f598adcdea4f01c4bb8affda38a1b0d8, type: 2}
  m_StaticBatchInfo:
    firstSubMesh: 0
    subMeshCount: 0
  m_StaticBatchRoot: {fileID: 0}
  m_ProbeAnchor: {fileID: 0}
  m_LightProbeVolumeOverride: {fileID: 0}
  m_ScaleInLightmap: 1
  m_ReceiveGI: 1
  m_PreserveUVs: 0
  m_IgnoreNormalsForChartDetection: 0
  m_ImportantGI: 0
  m_StitchLightmapSeams: 1
  m_SelectedEditorRenderState: 3
  m_MinimumChartSize: 4
  m_AutoUVMaxDistance: 0.5
  m_AutoUVMaxAngle: 89
  m_LightmapParameters: {fileID: 0}
  m_SortingLayerID: 0
  m_SortingLayer: 0
  m_SortingOrder: 0
--- !u!64 &8252176226437334385
MeshCollider:
  m_ObjectHideFlags: 0
  m_CorrespondingSourceObject: {fileID: 0}
  m_PrefabInstance: {fileID: 0}
  m_PrefabAsset: {fileID: 0}
  m_GameObject: {fileID: 7624610339995248491}
  m_Material: {fileID: 0}
  m_IsTrigger: 0
  m_Enabled: 1
  serializedVersion: 3
  m_Convex: 0
  m_CookingOptions: 14
  m_Mesh: {fileID: 10209, guid: 0000000000000000e000000000000000, type: 0}
--- !u!1 &8045844899410654154
GameObject:
  m_ObjectHideFlags: 0
  m_CorrespondingSourceObject: {fileID: 0}
  m_PrefabInstance: {fileID: 0}
  m_PrefabAsset: {fileID: 0}
  serializedVersion: 6
  m_Component:
  - component: {fileID: 3771131617607521746}
  m_Layer: 25
  m_Name: GameObject
  m_TagString: Untagged
  m_Icon: {fileID: 0}
  m_NavMeshLayer: 0
  m_StaticEditorFlags: 0
  m_IsActive: 1
--- !u!4 &3771131617607521746
Transform:
  m_ObjectHideFlags: 0
  m_CorrespondingSourceObject: {fileID: 0}
  m_PrefabInstance: {fileID: 0}
  m_PrefabAsset: {fileID: 0}
  m_GameObject: {fileID: 8045844899410654154}
  m_LocalRotation: {x: 0, y: 0, z: 0, w: 1}
  m_LocalPosition: {x: 0, y: 37.6, z: 39.5}
  m_LocalScale: {x: 1, y: 1, z: 1}
  m_Children:
  - {fileID: 7632095080897547900}
  m_Father: {fileID: 2164663560157441017}
  m_RootOrder: 1
  m_LocalEulerAnglesHint: {x: 0, y: 0, z: 0}
--- !u!1001 &3211087169980343654
PrefabInstance:
  m_ObjectHideFlags: 0
  serializedVersion: 2
  m_Modification:
    m_TransformParent: {fileID: 3771131617607521746}
    m_Modifications:
    - target: {fileID: -927199367670048503, guid: 0dc833632f2b33e46b6f4ec1b023dea6,
        type: 3}
      propertyPath: m_Name
      value: shudderlp
      objectReference: {fileID: 0}
    - target: {fileID: -927199367670048503, guid: 0dc833632f2b33e46b6f4ec1b023dea6,
        type: 3}
      propertyPath: m_Layer
      value: 25
      objectReference: {fileID: 0}
    - target: {fileID: -4216859302048453862, guid: 0dc833632f2b33e46b6f4ec1b023dea6,
        type: 3}
      propertyPath: m_LocalPosition.x
      value: 4.9561157
      objectReference: {fileID: 0}
    - target: {fileID: -4216859302048453862, guid: 0dc833632f2b33e46b6f4ec1b023dea6,
        type: 3}
      propertyPath: m_LocalPosition.y
      value: -20.400011
      objectReference: {fileID: 0}
    - target: {fileID: -4216859302048453862, guid: 0dc833632f2b33e46b6f4ec1b023dea6,
        type: 3}
      propertyPath: m_LocalPosition.z
      value: -10.299967
      objectReference: {fileID: 0}
    - target: {fileID: -4216859302048453862, guid: 0dc833632f2b33e46b6f4ec1b023dea6,
        type: 3}
      propertyPath: m_LocalRotation.x
      value: -0.7071068
      objectReference: {fileID: 0}
    - target: {fileID: -4216859302048453862, guid: 0dc833632f2b33e46b6f4ec1b023dea6,
        type: 3}
      propertyPath: m_LocalRotation.y
      value: -0
      objectReference: {fileID: 0}
    - target: {fileID: -4216859302048453862, guid: 0dc833632f2b33e46b6f4ec1b023dea6,
        type: 3}
      propertyPath: m_LocalRotation.z
      value: -0
      objectReference: {fileID: 0}
    - target: {fileID: -4216859302048453862, guid: 0dc833632f2b33e46b6f4ec1b023dea6,
        type: 3}
      propertyPath: m_LocalRotation.w
      value: 0.7071068
      objectReference: {fileID: 0}
    - target: {fileID: -4216859302048453862, guid: 0dc833632f2b33e46b6f4ec1b023dea6,
        type: 3}
      propertyPath: m_RootOrder
      value: 0
      objectReference: {fileID: 0}
    - target: {fileID: -4216859302048453862, guid: 0dc833632f2b33e46b6f4ec1b023dea6,
        type: 3}
      propertyPath: m_LocalEulerAnglesHint.x
      value: 0
      objectReference: {fileID: 0}
    - target: {fileID: -4216859302048453862, guid: 0dc833632f2b33e46b6f4ec1b023dea6,
        type: 3}
      propertyPath: m_LocalEulerAnglesHint.y
      value: 0
      objectReference: {fileID: 0}
    - target: {fileID: -4216859302048453862, guid: 0dc833632f2b33e46b6f4ec1b023dea6,
        type: 3}
      propertyPath: m_LocalEulerAnglesHint.z
      value: 0
      objectReference: {fileID: 0}
    - target: {fileID: -4216859302048453862, guid: 0dc833632f2b33e46b6f4ec1b023dea6,
        type: 3}
      propertyPath: m_LocalScale.x
      value: 41.98187
      objectReference: {fileID: 0}
    - target: {fileID: -4216859302048453862, guid: 0dc833632f2b33e46b6f4ec1b023dea6,
        type: 3}
      propertyPath: m_LocalScale.y
      value: 22.743925
      objectReference: {fileID: 0}
    - target: {fileID: -4216859302048453862, guid: 0dc833632f2b33e46b6f4ec1b023dea6,
        type: 3}
      propertyPath: m_LocalScale.z
      value: 38.87314
      objectReference: {fileID: 0}
    - target: {fileID: -1504981713932161579, guid: 0dc833632f2b33e46b6f4ec1b023dea6,
        type: 3}
      propertyPath: m_Materials.Array.data[0]
      value: 
      objectReference: {fileID: 2100000, guid: db1e89c025d9514478bb5e5238b31c60, type: 2}
    m_RemovedComponents: []
  m_SourcePrefab: {fileID: 100100000, guid: 0dc833632f2b33e46b6f4ec1b023dea6, type: 3}
--- !u!4 &7632095080897547900 stripped
Transform:
  m_CorrespondingSourceObject: {fileID: -4216859302048453862, guid: 0dc833632f2b33e46b6f4ec1b023dea6,
    type: 3}
  m_PrefabInstance: {fileID: 3211087169980343654}
  m_PrefabAsset: {fileID: 0}
--- !u!1001 &9023835696266467355
PrefabInstance:
  m_ObjectHideFlags: 0
  serializedVersion: 2
  m_Modification:
    m_TransformParent: {fileID: 5429988922899638493}
    m_Modifications:
    - target: {fileID: -927199367670048503, guid: 0dc833632f2b33e46b6f4ec1b023dea6,
        type: 3}
      propertyPath: m_Name
      value: shudderlp (1)
      objectReference: {fileID: 0}
    - target: {fileID: -927199367670048503, guid: 0dc833632f2b33e46b6f4ec1b023dea6,
        type: 3}
      propertyPath: m_Layer
      value: 25
      objectReference: {fileID: 0}
    - target: {fileID: -4216859302048453862, guid: 0dc833632f2b33e46b6f4ec1b023dea6,
        type: 3}
      propertyPath: m_LocalPosition.x
      value: 11.099981
      objectReference: {fileID: 0}
    - target: {fileID: -4216859302048453862, guid: 0dc833632f2b33e46b6f4ec1b023dea6,
        type: 3}
      propertyPath: m_LocalPosition.y
      value: -20.400011
      objectReference: {fileID: 0}
    - target: {fileID: -4216859302048453862, guid: 0dc833632f2b33e46b6f4ec1b023dea6,
        type: 3}
      propertyPath: m_LocalPosition.z
      value: 15.500006
      objectReference: {fileID: 0}
    - target: {fileID: -4216859302048453862, guid: 0dc833632f2b33e46b6f4ec1b023dea6,
        type: 3}
      propertyPath: m_LocalRotation.x
      value: 0.000000011055399
      objectReference: {fileID: 0}
    - target: {fileID: -4216859302048453862, guid: 0dc833632f2b33e46b6f4ec1b023dea6,
        type: 3}
      propertyPath: m_LocalRotation.y
      value: 0.7071069
      objectReference: {fileID: 0}
    - target: {fileID: -4216859302048453862, guid: 0dc833632f2b33e46b6f4ec1b023dea6,
        type: 3}
      propertyPath: m_LocalRotation.z
      value: 0.7071067
      objectReference: {fileID: 0}
    - target: {fileID: -4216859302048453862, guid: 0dc833632f2b33e46b6f4ec1b023dea6,
        type: 3}
      propertyPath: m_LocalRotation.w
      value: -0.000000022351744
      objectReference: {fileID: 0}
    - target: {fileID: -4216859302048453862, guid: 0dc833632f2b33e46b6f4ec1b023dea6,
        type: 3}
      propertyPath: m_RootOrder
      value: 0
      objectReference: {fileID: 0}
    - target: {fileID: -4216859302048453862, guid: 0dc833632f2b33e46b6f4ec1b023dea6,
        type: 3}
      propertyPath: m_LocalEulerAnglesHint.x
      value: -90.00001
      objectReference: {fileID: 0}
    - target: {fileID: -4216859302048453862, guid: 0dc833632f2b33e46b6f4ec1b023dea6,
        type: 3}
      propertyPath: m_LocalEulerAnglesHint.y
      value: 0
      objectReference: {fileID: 0}
    - target: {fileID: -4216859302048453862, guid: 0dc833632f2b33e46b6f4ec1b023dea6,
        type: 3}
      propertyPath: m_LocalEulerAnglesHint.z
      value: 179.99998
      objectReference: {fileID: 0}
    - target: {fileID: -4216859302048453862, guid: 0dc833632f2b33e46b6f4ec1b023dea6,
        type: 3}
      propertyPath: m_LocalScale.x
      value: 41.981956
      objectReference: {fileID: 0}
    - target: {fileID: -4216859302048453862, guid: 0dc833632f2b33e46b6f4ec1b023dea6,
        type: 3}
      propertyPath: m_LocalScale.y
      value: 22.743902
      objectReference: {fileID: 0}
    - target: {fileID: -4216859302048453862, guid: 0dc833632f2b33e46b6f4ec1b023dea6,
        type: 3}
      propertyPath: m_LocalScale.z
      value: 38.87311
      objectReference: {fileID: 0}
    - target: {fileID: -1504981713932161579, guid: 0dc833632f2b33e46b6f4ec1b023dea6,
        type: 3}
      propertyPath: m_Materials.Array.data[0]
      value: 
      objectReference: {fileID: 2100000, guid: db1e89c025d9514478bb5e5238b31c60, type: 2}
    m_RemovedComponents: []
  m_SourcePrefab: {fileID: 100100000, guid: 0dc833632f2b33e46b6f4ec1b023dea6, type: 3}
--- !u!4 &4053712522864915201 stripped
Transform:
  m_CorrespondingSourceObject: {fileID: -4216859302048453862, guid: 0dc833632f2b33e46b6f4ec1b023dea6,
    type: 3}
  m_PrefabInstance: {fileID: 9023835696266467355}
  m_PrefabAsset: {fileID: 0}
--- !u!1001 &9090434483180615469
PrefabInstance:
  m_ObjectHideFlags: 0
  serializedVersion: 2
  m_Modification:
    m_TransformParent: {fileID: 2164663560157441017}
    m_Modifications:
    - target: {fileID: -927199367670048503, guid: 20fcc25fc539f3145b383a5d9070cb6d,
        type: 3}
      propertyPath: m_Name
      value: window
      objectReference: {fileID: 0}
    - target: {fileID: -927199367670048503, guid: 20fcc25fc539f3145b383a5d9070cb6d,
        type: 3}
      propertyPath: m_Layer
      value: 25
      objectReference: {fileID: 0}
    - target: {fileID: -4216859302048453862, guid: 20fcc25fc539f3145b383a5d9070cb6d,
        type: 3}
      propertyPath: m_LocalPosition.x
      value: 0
      objectReference: {fileID: 0}
    - target: {fileID: -4216859302048453862, guid: 20fcc25fc539f3145b383a5d9070cb6d,
        type: 3}
      propertyPath: m_LocalPosition.y
      value: 0
      objectReference: {fileID: 0}
    - target: {fileID: -4216859302048453862, guid: 20fcc25fc539f3145b383a5d9070cb6d,
        type: 3}
      propertyPath: m_LocalPosition.z
      value: 0
      objectReference: {fileID: 0}
    - target: {fileID: -4216859302048453862, guid: 20fcc25fc539f3145b383a5d9070cb6d,
        type: 3}
      propertyPath: m_LocalRotation.x
      value: 0
      objectReference: {fileID: 0}
    - target: {fileID: -4216859302048453862, guid: 20fcc25fc539f3145b383a5d9070cb6d,
        type: 3}
      propertyPath: m_LocalRotation.y
      value: 0
      objectReference: {fileID: 0}
    - target: {fileID: -4216859302048453862, guid: 20fcc25fc539f3145b383a5d9070cb6d,
        type: 3}
      propertyPath: m_LocalRotation.z
      value: 0
      objectReference: {fileID: 0}
    - target: {fileID: -4216859302048453862, guid: 20fcc25fc539f3145b383a5d9070cb6d,
        type: 3}
      propertyPath: m_LocalRotation.w
      value: 1
      objectReference: {fileID: 0}
    - target: {fileID: -4216859302048453862, guid: 20fcc25fc539f3145b383a5d9070cb6d,
        type: 3}
      propertyPath: m_RootOrder
      value: 0
      objectReference: {fileID: 0}
    - target: {fileID: -4216859302048453862, guid: 20fcc25fc539f3145b383a5d9070cb6d,
        type: 3}
      propertyPath: m_LocalEulerAnglesHint.x
      value: 0
      objectReference: {fileID: 0}
    - target: {fileID: -4216859302048453862, guid: 20fcc25fc539f3145b383a5d9070cb6d,
        type: 3}
      propertyPath: m_LocalEulerAnglesHint.y
      value: 0
      objectReference: {fileID: 0}
    - target: {fileID: -4216859302048453862, guid: 20fcc25fc539f3145b383a5d9070cb6d,
        type: 3}
      propertyPath: m_LocalEulerAnglesHint.z
      value: 0
      objectReference: {fileID: 0}
    - target: {fileID: -4216859302048453862, guid: 20fcc25fc539f3145b383a5d9070cb6d,
        type: 3}
      propertyPath: m_LocalScale.x
      value: 39.305
      objectReference: {fileID: 0}
    - target: {fileID: -4216859302048453862, guid: 20fcc25fc539f3145b383a5d9070cb6d,
        type: 3}
      propertyPath: m_LocalScale.y
      value: 39.305
      objectReference: {fileID: 0}
    - target: {fileID: -4216859302048453862, guid: 20fcc25fc539f3145b383a5d9070cb6d,
        type: 3}
      propertyPath: m_LocalScale.z
      value: 39.305
      objectReference: {fileID: 0}
    - target: {fileID: -7709232359478190725, guid: 20fcc25fc539f3145b383a5d9070cb6d,
        type: 3}
      propertyPath: m_Materials.Array.data[0]
      value: 
      objectReference: {fileID: 2100000, guid: 7d108889c59beea459496fbb955548ad, type: 2}
    - target: {fileID: -6631276253561167742, guid: 20fcc25fc539f3145b383a5d9070cb6d,
        type: 3}
      propertyPath: m_Materials.Array.data[0]
      value: 
      objectReference: {fileID: 2100000, guid: 7d108889c59beea459496fbb955548ad, type: 2}
    - target: {fileID: -2093148237626362416, guid: 20fcc25fc539f3145b383a5d9070cb6d,
        type: 3}
      propertyPath: m_Materials.Array.data[0]
      value: 
      objectReference: {fileID: 2100000, guid: 7d108889c59beea459496fbb955548ad, type: 2}
    - target: {fileID: -1083117380923867465, guid: 20fcc25fc539f3145b383a5d9070cb6d,
        type: 3}
      propertyPath: m_Layer
      value: 25
      objectReference: {fileID: 0}
    - target: {fileID: 3341883781746835363, guid: 20fcc25fc539f3145b383a5d9070cb6d,
        type: 3}
      propertyPath: m_Layer
      value: 25
      objectReference: {fileID: 0}
    - target: {fileID: 4903680862318287743, guid: 20fcc25fc539f3145b383a5d9070cb6d,
        type: 3}
      propertyPath: m_Layer
      value: 25
      objectReference: {fileID: 0}
    - target: {fileID: 7221324637638945619, guid: 20fcc25fc539f3145b383a5d9070cb6d,
        type: 3}
      propertyPath: m_Layer
      value: 25
      objectReference: {fileID: 0}
    - target: {fileID: 8842504081103647845, guid: 20fcc25fc539f3145b383a5d9070cb6d,
        type: 3}
      propertyPath: m_Materials.Array.data[0]
      value: 
      objectReference: {fileID: 2100000, guid: 7d108889c59beea459496fbb955548ad, type: 2}
    - target: {fileID: 9019099265897942187, guid: 20fcc25fc539f3145b383a5d9070cb6d,
        type: 3}
      propertyPath: m_Materials.Array.data[0]
      value: 
      objectReference: {fileID: 2100000, guid: 7d108889c59beea459496fbb955548ad, type: 2}
    - target: {fileID: 9072120330900148579, guid: 20fcc25fc539f3145b383a5d9070cb6d,
        type: 3}
      propertyPath: m_Layer
      value: 25
      objectReference: {fileID: 0}
    m_RemovedComponents: []
  m_SourcePrefab: {fileID: 100100000, guid: 20fcc25fc539f3145b383a5d9070cb6d, type: 3}
--- !u!4 &4277576532352343095 stripped
Transform:
  m_CorrespondingSourceObject: {fileID: -4216859302048453862, guid: 20fcc25fc539f3145b383a5d9070cb6d,
    type: 3}
  m_PrefabInstance: {fileID: 9090434483180615469}
  m_PrefabAsset: {fileID: 0}
