%YAML 1.1
%TAG !u! tag:unity3d.com,2011:
--- !u!1 &8109668197753324162
GameObject:
  m_ObjectHideFlags: 0
  m_CorrespondingSourceObject: {fileID: 0}
  m_PrefabInstance: {fileID: 0}
  m_PrefabAsset: {fileID: 0}
  serializedVersion: 6
  m_Component:
  - component: {fileID: 8109668197753324173}
  - component: {fileID: 8109668197753324174}
  - component: {fileID: 8109668197753324175}
  - component: {fileID: 8109668197753324172}
  m_Layer: 8
  m_Name: tablelegnoshoot
  m_TagString: Untagged
  m_Icon: {fileID: 0}
  m_NavMeshLayer: 0
  m_StaticEditorFlags: 0
  m_IsActive: 1
--- !u!4 &8109668197753324173
Transform:
  m_ObjectHideFlags: 0
  m_CorrespondingSourceObject: {fileID: 0}
  m_PrefabInstance: {fileID: 0}
  m_PrefabAsset: {fileID: 0}
  m_GameObject: {fileID: 8109668197753324162}
  m_LocalRotation: {x: -0, y: -0, z: -0, w: 1}
  m_LocalPosition: {x: 0.4142, y: -4.4790516, z: 0.382}
  m_LocalScale: {x: 0.067325555, y: 9.018529, z: 0.11990453}
  m_Children: []
  m_Father: {fileID: 8109668198508270531}
  m_RootOrder: 1
  m_LocalEulerAnglesHint: {x: 0, y: 0, z: 0}
--- !u!33 &8109668197753324174
MeshFilter:
  m_ObjectHideFlags: 0
  m_CorrespondingSourceObject: {fileID: 0}
  m_PrefabInstance: {fileID: 0}
  m_PrefabAsset: {fileID: 0}
  m_GameObject: {fileID: 8109668197753324162}
  m_Mesh: {fileID: 10202, guid: 0000000000000000e000000000000000, type: 0}
--- !u!23 &8109668197753324175
MeshRenderer:
  m_ObjectHideFlags: 0
  m_CorrespondingSourceObject: {fileID: 0}
  m_PrefabInstance: {fileID: 0}
  m_PrefabAsset: {fileID: 0}
  m_GameObject: {fileID: 8109668197753324162}
  m_Enabled: 0
  m_CastShadows: 1
  m_ReceiveShadows: 1
  m_DynamicOccludee: 1
  m_MotionVectors: 1
  m_LightProbeUsage: 1
  m_ReflectionProbeUsage: 1
  m_RenderingLayerMask: 1
  m_RendererPriority: 0
  m_Materials:
  - {fileID: 0}
  m_StaticBatchInfo:
    firstSubMesh: 0
    subMeshCount: 0
  m_StaticBatchRoot: {fileID: 0}
  m_ProbeAnchor: {fileID: 0}
  m_LightProbeVolumeOverride: {fileID: 0}
  m_ScaleInLightmap: 1
  m_ReceiveGI: 1
  m_PreserveUVs: 0
  m_IgnoreNormalsForChartDetection: 0
  m_ImportantGI: 0
  m_StitchLightmapSeams: 1
  m_SelectedEditorRenderState: 3
  m_MinimumChartSize: 4
  m_AutoUVMaxDistance: 0.5
  m_AutoUVMaxAngle: 89
  m_LightmapParameters: {fileID: 0}
  m_SortingLayerID: 0
  m_SortingLayer: 0
  m_SortingOrder: 0
--- !u!65 &8109668197753324172
BoxCollider:
  m_ObjectHideFlags: 0
  m_CorrespondingSourceObject: {fileID: 0}
  m_PrefabInstance: {fileID: 0}
  m_PrefabAsset: {fileID: 0}
  m_GameObject: {fileID: 8109668197753324162}
  m_Material: {fileID: 0}
  m_IsTrigger: 0
  m_Enabled: 1
  serializedVersion: 2
  m_Size: {x: 1, y: 1, z: 1}
  m_Center: {x: 0, y: 0, z: 0}
--- !u!1 &8109668198210504190
GameObject:
  m_ObjectHideFlags: 0
  m_CorrespondingSourceObject: {fileID: 0}
  m_PrefabInstance: {fileID: 0}
  m_PrefabAsset: {fileID: 0}
  serializedVersion: 6
  m_Component:
  - component: {fileID: 8109668198210504185}
  - component: {fileID: 8109668198210504186}
  - component: {fileID: 8109668198210504187}
  - component: {fileID: 8109668198210504184}
  m_Layer: 8
  m_Name: tablelegnoshoot
  m_TagString: Untagged
  m_Icon: {fileID: 0}
  m_NavMeshLayer: 0
  m_StaticEditorFlags: 0
  m_IsActive: 1
--- !u!4 &8109668198210504185
Transform:
  m_ObjectHideFlags: 0
  m_CorrespondingSourceObject: {fileID: 0}
  m_PrefabInstance: {fileID: 0}
  m_PrefabAsset: {fileID: 0}
  m_GameObject: {fileID: 8109668198210504190}
  m_LocalRotation: {x: -0, y: -0, z: -0, w: 1}
  m_LocalPosition: {x: 0.41592, y: -4.4790516, z: -0.409}
  m_LocalScale: {x: 0.067325555, y: 9.018529, z: 0.11990453}
  m_Children: []
  m_Father: {fileID: 8109668198508270531}
  m_RootOrder: 0
  m_LocalEulerAnglesHint: {x: 0, y: 0, z: 0}
--- !u!33 &8109668198210504186
MeshFilter:
  m_ObjectHideFlags: 0
  m_CorrespondingSourceObject: {fileID: 0}
  m_PrefabInstance: {fileID: 0}
  m_PrefabAsset: {fileID: 0}
  m_GameObject: {fileID: 8109668198210504190}
  m_Mesh: {fileID: 10202, guid: 0000000000000000e000000000000000, type: 0}
--- !u!23 &8109668198210504187
MeshRenderer:
  m_ObjectHideFlags: 0
  m_CorrespondingSourceObject: {fileID: 0}
  m_PrefabInstance: {fileID: 0}
  m_PrefabAsset: {fileID: 0}
  m_GameObject: {fileID: 8109668198210504190}
  m_Enabled: 0
  m_CastShadows: 1
  m_ReceiveShadows: 1
  m_DynamicOccludee: 1
  m_MotionVectors: 1
  m_LightProbeUsage: 1
  m_ReflectionProbeUsage: 1
  m_RenderingLayerMask: 1
  m_RendererPriority: 0
  m_Materials:
  - {fileID: 0}
  m_StaticBatchInfo:
    firstSubMesh: 0
    subMeshCount: 0
  m_StaticBatchRoot: {fileID: 0}
  m_ProbeAnchor: {fileID: 0}
  m_LightProbeVolumeOverride: {fileID: 0}
  m_ScaleInLightmap: 1
  m_ReceiveGI: 1
  m_PreserveUVs: 0
  m_IgnoreNormalsForChartDetection: 0
  m_ImportantGI: 0
  m_StitchLightmapSeams: 1
  m_SelectedEditorRenderState: 3
  m_MinimumChartSize: 4
  m_AutoUVMaxDistance: 0.5
  m_AutoUVMaxAngle: 89
  m_LightmapParameters: {fileID: 0}
  m_SortingLayerID: 0
  m_SortingLayer: 0
  m_SortingOrder: 0
--- !u!65 &8109668198210504184
BoxCollider:
  m_ObjectHideFlags: 0
  m_CorrespondingSourceObject: {fileID: 0}
  m_PrefabInstance: {fileID: 0}
  m_PrefabAsset: {fileID: 0}
  m_GameObject: {fileID: 8109668198210504190}
  m_Material: {fileID: 0}
  m_IsTrigger: 0
  m_Enabled: 1
  serializedVersion: 2
  m_Size: {x: 1, y: 1, z: 1}
  m_Center: {x: 0, y: 0, z: 0}
--- !u!1 &8109668198508270528
GameObject:
  m_ObjectHideFlags: 0
  m_CorrespondingSourceObject: {fileID: 0}
  m_PrefabInstance: {fileID: 0}
  m_PrefabAsset: {fileID: 0}
  serializedVersion: 6
  m_Component:
  - component: {fileID: 8109668198508270531}
  - component: {fileID: 8109668198508270540}
  - component: {fileID: 8109668198508270541}
  - component: {fileID: 8109668198508270530}
  - component: {fileID: 8109668198508270543}
  m_Layer: 8
  m_Name: Tabletop
  m_TagString: Untagged
  m_Icon: {fileID: 0}
  m_NavMeshLayer: 0
  m_StaticEditorFlags: 0
  m_IsActive: 1
--- !u!4 &8109668198508270531
Transform:
  m_ObjectHideFlags: 0
  m_CorrespondingSourceObject: {fileID: 0}
  m_PrefabInstance: {fileID: 0}
  m_PrefabAsset: {fileID: 0}
  m_GameObject: {fileID: 8109668198508270528}
  m_LocalRotation: {x: -0, y: -0, z: -0, w: 1}
  m_LocalPosition: {x: 47.64, y: 2.78, z: 2.3200166}
  m_LocalScale: {x: 2.6253755, y: 0.13130549, z: 2.0655406}
  m_Children:
  - {fileID: 8109668198210504185}
  - {fileID: 8109668197753324173}
  - {fileID: 7619611976298446779}
  - {fileID: 9082254683729016876}
  - {fileID: 7380214774144027904}
  m_Father: {fileID: 0}
  m_RootOrder: 0
  m_LocalEulerAnglesHint: {x: 0, y: 0, z: 0}
--- !u!33 &8109668198508270540
MeshFilter:
  m_ObjectHideFlags: 0
  m_CorrespondingSourceObject: {fileID: 0}
  m_PrefabInstance: {fileID: 0}
  m_PrefabAsset: {fileID: 0}
  m_GameObject: {fileID: 8109668198508270528}
  m_Mesh: {fileID: 10202, guid: 0000000000000000e000000000000000, type: 0}
--- !u!23 &8109668198508270541
MeshRenderer:
  m_ObjectHideFlags: 0
  m_CorrespondingSourceObject: {fileID: 0}
  m_PrefabInstance: {fileID: 0}
  m_PrefabAsset: {fileID: 0}
  m_GameObject: {fileID: 8109668198508270528}
  m_Enabled: 0
  m_CastShadows: 1
  m_ReceiveShadows: 1
  m_DynamicOccludee: 1
  m_MotionVectors: 1
  m_LightProbeUsage: 1
  m_ReflectionProbeUsage: 1
  m_RenderingLayerMask: 1
  m_RendererPriority: 0
  m_Materials:
  - {fileID: 0}
  m_StaticBatchInfo:
    firstSubMesh: 0
    subMeshCount: 0
  m_StaticBatchRoot: {fileID: 0}
  m_ProbeAnchor: {fileID: 0}
  m_LightProbeVolumeOverride: {fileID: 0}
  m_ScaleInLightmap: 1
  m_ReceiveGI: 1
  m_PreserveUVs: 0
  m_IgnoreNormalsForChartDetection: 0
  m_ImportantGI: 0
  m_StitchLightmapSeams: 1
  m_SelectedEditorRenderState: 3
  m_MinimumChartSize: 4
  m_AutoUVMaxDistance: 0.5
  m_AutoUVMaxAngle: 89
  m_LightmapParameters: {fileID: 0}
  m_SortingLayerID: 0
  m_SortingLayer: 0
  m_SortingOrder: 0
--- !u!65 &8109668198508270530
BoxCollider:
  m_ObjectHideFlags: 0
  m_CorrespondingSourceObject: {fileID: 0}
  m_PrefabInstance: {fileID: 0}
  m_PrefabAsset: {fileID: 0}
  m_GameObject: {fileID: 8109668198508270528}
  m_Material: {fileID: 0}
  m_IsTrigger: 0
  m_Enabled: 1
  serializedVersion: 2
  m_Size: {x: 1.3097416, y: 1, z: 1.1160617}
  m_Center: {x: -0.035021268, y: 0, z: -0.0042142295}
--- !u!54 &8109668198508270543
Rigidbody:
  m_ObjectHideFlags: 0
  m_CorrespondingSourceObject: {fileID: 0}
  m_PrefabInstance: {fileID: 0}
  m_PrefabAsset: {fileID: 0}
  m_GameObject: {fileID: 8109668198508270528}
  serializedVersion: 2
  m_Mass: 1
  m_Drag: 0
  m_AngularDrag: 0.05
  m_UseGravity: 1
  m_IsKinematic: 0
  m_Interpolate: 0
  m_Constraints: 0
  m_CollisionDetection: 0
--- !u!1001 &2526940446654490138
PrefabInstance:
  m_ObjectHideFlags: 0
  serializedVersion: 2
  m_Modification:
    m_TransformParent: {fileID: 8109668198508270531}
    m_Modifications:
    - target: {fileID: -927199367670048503, guid: 5993b438cd0c8834bb7b68bd2bd4908f,
        type: 3}
      propertyPath: m_Name
      value: RegularTableLegLP (1)
      objectReference: {fileID: 0}
    - target: {fileID: -4216859302048453862, guid: 5993b438cd0c8834bb7b68bd2bd4908f,
        type: 3}
      propertyPath: m_LocalPosition.x
      value: 0.64891
      objectReference: {fileID: 0}
    - target: {fileID: -4216859302048453862, guid: 5993b438cd0c8834bb7b68bd2bd4908f,
        type: 3}
      propertyPath: m_LocalPosition.y
      value: 0.31
      objectReference: {fileID: 0}
    - target: {fileID: -4216859302048453862, guid: 5993b438cd0c8834bb7b68bd2bd4908f,
        type: 3}
      propertyPath: m_LocalPosition.z
      value: -1.203
      objectReference: {fileID: 0}
    - target: {fileID: -4216859302048453862, guid: 5993b438cd0c8834bb7b68bd2bd4908f,
        type: 3}
      propertyPath: m_LocalRotation.x
      value: -0
      objectReference: {fileID: 0}
    - target: {fileID: -4216859302048453862, guid: 5993b438cd0c8834bb7b68bd2bd4908f,
        type: 3}
      propertyPath: m_LocalRotation.y
      value: -0
      objectReference: {fileID: 0}
    - target: {fileID: -4216859302048453862, guid: 5993b438cd0c8834bb7b68bd2bd4908f,
        type: 3}
      propertyPath: m_LocalRotation.z
      value: -0
      objectReference: {fileID: 0}
    - target: {fileID: -4216859302048453862, guid: 5993b438cd0c8834bb7b68bd2bd4908f,
        type: 3}
      propertyPath: m_LocalRotation.w
      value: 1
      objectReference: {fileID: 0}
    - target: {fileID: -4216859302048453862, guid: 5993b438cd0c8834bb7b68bd2bd4908f,
        type: 3}
      propertyPath: m_RootOrder
      value: 4
      objectReference: {fileID: 0}
    - target: {fileID: -4216859302048453862, guid: 5993b438cd0c8834bb7b68bd2bd4908f,
        type: 3}
      propertyPath: m_LocalEulerAnglesHint.x
      value: 0
      objectReference: {fileID: 0}
    - target: {fileID: -4216859302048453862, guid: 5993b438cd0c8834bb7b68bd2bd4908f,
        type: 3}
      propertyPath: m_LocalEulerAnglesHint.y
      value: 0
      objectReference: {fileID: 0}
    - target: {fileID: -4216859302048453862, guid: 5993b438cd0c8834bb7b68bd2bd4908f,
        type: 3}
      propertyPath: m_LocalEulerAnglesHint.z
      value: 0
      objectReference: {fileID: 0}
    - target: {fileID: -4216859302048453862, guid: 5993b438cd0c8834bb7b68bd2bd4908f,
        type: 3}
      propertyPath: m_LocalScale.x
      value: 0.013646514
      objectReference: {fileID: 0}
    - target: {fileID: -4216859302048453862, guid: 5993b438cd0c8834bb7b68bd2bd4908f,
        type: 3}
      propertyPath: m_LocalScale.y
      value: 0.3632145
      objectReference: {fileID: 0}
    - target: {fileID: -4216859302048453862, guid: 5993b438cd0c8834bb7b68bd2bd4908f,
        type: 3}
      propertyPath: m_LocalScale.z
      value: 0.023089381
      objectReference: {fileID: 0}
    - target: {fileID: -4584938877196509236, guid: 5993b438cd0c8834bb7b68bd2bd4908f,
        type: 3}
      propertyPath: m_Materials.Array.data[0]
      value: 
      objectReference: {fileID: 2100000, guid: 6b2d17b631220f74ea938bad3b452127, type: 2}
    m_RemovedComponents: []
  m_SourcePrefab: {fileID: 100100000, guid: 5993b438cd0c8834bb7b68bd2bd4908f, type: 3}
--- !u!4 &7380214774144027904 stripped
Transform:
  m_CorrespondingSourceObject: {fileID: -4216859302048453862, guid: 5993b438cd0c8834bb7b68bd2bd4908f,
    type: 3}
  m_PrefabInstance: {fileID: 2526940446654490138}
  m_PrefabAsset: {fileID: 0}
--- !u!1001 &3225976420204090529
PrefabInstance:
  m_ObjectHideFlags: 0
  serializedVersion: 2
  m_Modification:
    m_TransformParent: {fileID: 8109668198508270531}
    m_Modifications:
    - target: {fileID: -927199367670048503, guid: 609bc04ff7c87d442a2e6ce1f42756ce,
        type: 3}
      propertyPath: m_Name
      value: TabletopLP
      objectReference: {fileID: 0}
    - target: {fileID: -4216859302048453862, guid: 609bc04ff7c87d442a2e6ce1f42756ce,
        type: 3}
      propertyPath: m_LocalPosition.x
      value: -0.038206
      objectReference: {fileID: 0}
    - target: {fileID: -4216859302048453862, guid: 609bc04ff7c87d442a2e6ce1f42756ce,
        type: 3}
      propertyPath: m_LocalPosition.y
      value: -0.61
      objectReference: {fileID: 0}
    - target: {fileID: -4216859302048453862, guid: 609bc04ff7c87d442a2e6ce1f42756ce,
        type: 3}
      propertyPath: m_LocalPosition.z
      value: 0.12201
      objectReference: {fileID: 0}
    - target: {fileID: -4216859302048453862, guid: 609bc04ff7c87d442a2e6ce1f42756ce,
        type: 3}
      propertyPath: m_LocalRotation.x
      value: -0
      objectReference: {fileID: 0}
    - target: {fileID: -4216859302048453862, guid: 609bc04ff7c87d442a2e6ce1f42756ce,
        type: 3}
      propertyPath: m_LocalRotation.y
      value: 0.70710707
      objectReference: {fileID: 0}
    - target: {fileID: -4216859302048453862, guid: 609bc04ff7c87d442a2e6ce1f42756ce,
        type: 3}
      propertyPath: m_LocalRotation.z
      value: -0
      objectReference: {fileID: 0}
    - target: {fileID: -4216859302048453862, guid: 609bc04ff7c87d442a2e6ce1f42756ce,
        type: 3}
      propertyPath: m_LocalRotation.w
      value: 0.7071066
      objectReference: {fileID: 0}
    - target: {fileID: -4216859302048453862, guid: 609bc04ff7c87d442a2e6ce1f42756ce,
        type: 3}
      propertyPath: m_RootOrder
      value: 2
      objectReference: {fileID: 0}
    - target: {fileID: -4216859302048453862, guid: 609bc04ff7c87d442a2e6ce1f42756ce,
        type: 3}
      propertyPath: m_LocalEulerAnglesHint.x
      value: 0
      objectReference: {fileID: 0}
    - target: {fileID: -4216859302048453862, guid: 609bc04ff7c87d442a2e6ce1f42756ce,
        type: 3}
      propertyPath: m_LocalEulerAnglesHint.y
      value: 90.00001
      objectReference: {fileID: 0}
    - target: {fileID: -4216859302048453862, guid: 609bc04ff7c87d442a2e6ce1f42756ce,
        type: 3}
      propertyPath: m_LocalEulerAnglesHint.z
      value: 0
      objectReference: {fileID: 0}
    - target: {fileID: -4216859302048453862, guid: 609bc04ff7c87d442a2e6ce1f42756ce,
        type: 3}
      propertyPath: m_LocalScale.x
      value: 0.020104941
      objectReference: {fileID: 0}
    - target: {fileID: -4216859302048453862, guid: 609bc04ff7c87d442a2e6ce1f42756ce,
        type: 3}
      propertyPath: m_LocalScale.y
      value: 0.31351304
      objectReference: {fileID: 0}
    - target: {fileID: -4216859302048453862, guid: 609bc04ff7c87d442a2e6ce1f42756ce,
        type: 3}
      propertyPath: m_LocalScale.z
      value: 0.01358062
      objectReference: {fileID: 0}
    - target: {fileID: 1971961300636598257, guid: 609bc04ff7c87d442a2e6ce1f42756ce,
        type: 3}
      propertyPath: m_Materials.Array.data[0]
      value: 
      objectReference: {fileID: 2100000, guid: 9f33683389daa66408360c3d1a6bdcfc, type: 2}
    m_RemovedComponents: []
  m_SourcePrefab: {fileID: 100100000, guid: 609bc04ff7c87d442a2e6ce1f42756ce, type: 3}
--- !u!4 &7619611976298446779 stripped
Transform:
  m_CorrespondingSourceObject: {fileID: -4216859302048453862, guid: 609bc04ff7c87d442a2e6ce1f42756ce,
    type: 3}
  m_PrefabInstance: {fileID: 3225976420204090529}
  m_PrefabAsset: {fileID: 0}
--- !u!1001 &4282943369007731510
PrefabInstance:
  m_ObjectHideFlags: 0
  serializedVersion: 2
  m_Modification:
    m_TransformParent: {fileID: 8109668198508270531}
    m_Modifications:
    - target: {fileID: -927199367670048503, guid: 5993b438cd0c8834bb7b68bd2bd4908f,
        type: 3}
      propertyPath: m_Name
      value: RegularTableLegLP
      objectReference: {fileID: 0}
    - target: {fileID: -4216859302048453862, guid: 5993b438cd0c8834bb7b68bd2bd4908f,
        type: 3}
      propertyPath: m_LocalPosition.x
      value: 0.64891
      objectReference: {fileID: 0}
    - target: {fileID: -4216859302048453862, guid: 5993b438cd0c8834bb7b68bd2bd4908f,
        type: 3}
      propertyPath: m_LocalPosition.y
      value: 0.31
      objectReference: {fileID: 0}
    - target: {fileID: -4216859302048453862, guid: 5993b438cd0c8834bb7b68bd2bd4908f,
        type: 3}
      propertyPath: m_LocalPosition.z
      value: -0.404
      objectReference: {fileID: 0}
    - target: {fileID: -4216859302048453862, guid: 5993b438cd0c8834bb7b68bd2bd4908f,
        type: 3}
      propertyPath: m_LocalRotation.x
      value: -0
      objectReference: {fileID: 0}
    - target: {fileID: -4216859302048453862, guid: 5993b438cd0c8834bb7b68bd2bd4908f,
        type: 3}
      propertyPath: m_LocalRotation.y
      value: -0
      objectReference: {fileID: 0}
    - target: {fileID: -4216859302048453862, guid: 5993b438cd0c8834bb7b68bd2bd4908f,
        type: 3}
      propertyPath: m_LocalRotation.z
      value: -0
      objectReference: {fileID: 0}
    - target: {fileID: -4216859302048453862, guid: 5993b438cd0c8834bb7b68bd2bd4908f,
        type: 3}
      propertyPath: m_LocalRotation.w
      value: 1
      objectReference: {fileID: 0}
    - target: {fileID: -4216859302048453862, guid: 5993b438cd0c8834bb7b68bd2bd4908f,
        type: 3}
      propertyPath: m_RootOrder
      value: 3
      objectReference: {fileID: 0}
    - target: {fileID: -4216859302048453862, guid: 5993b438cd0c8834bb7b68bd2bd4908f,
        type: 3}
      propertyPath: m_LocalEulerAnglesHint.x
      value: 0
      objectReference: {fileID: 0}
    - target: {fileID: -4216859302048453862, guid: 5993b438cd0c8834bb7b68bd2bd4908f,
        type: 3}
      propertyPath: m_LocalEulerAnglesHint.y
      value: 0
      objectReference: {fileID: 0}
    - target: {fileID: -4216859302048453862, guid: 5993b438cd0c8834bb7b68bd2bd4908f,
        type: 3}
      propertyPath: m_LocalEulerAnglesHint.z
      value: 0
      objectReference: {fileID: 0}
    - target: {fileID: -4216859302048453862, guid: 5993b438cd0c8834bb7b68bd2bd4908f,
        type: 3}
      propertyPath: m_LocalScale.x
      value: 0.013646514
      objectReference: {fileID: 0}
    - target: {fileID: -4216859302048453862, guid: 5993b438cd0c8834bb7b68bd2bd4908f,
        type: 3}
      propertyPath: m_LocalScale.y
      value: 0.3632145
      objectReference: {fileID: 0}
    - target: {fileID: -4216859302048453862, guid: 5993b438cd0c8834bb7b68bd2bd4908f,
        type: 3}
      propertyPath: m_LocalScale.z
      value: 0.023089381
      objectReference: {fileID: 0}
    - target: {fileID: -4584938877196509236, guid: 5993b438cd0c8834bb7b68bd2bd4908f,
        type: 3}
      propertyPath: m_Materials.Array.data[0]
      value: 
      objectReference: {fileID: 2100000, guid: 6b2d17b631220f74ea938bad3b452127, type: 2}
    m_RemovedComponents: []
  m_SourcePrefab: {fileID: 100100000, guid: 5993b438cd0c8834bb7b68bd2bd4908f, type: 3}
--- !u!4 &9082254683729016876 stripped
Transform:
  m_CorrespondingSourceObject: {fileID: -4216859302048453862, guid: 5993b438cd0c8834bb7b68bd2bd4908f,
    type: 3}
  m_PrefabInstance: {fileID: 4282943369007731510}
  m_PrefabAsset: {fileID: 0}
